1700241690,2741.0,919.0,1626.0,380.0,3
1700241690,2708.0,923.0,1626.0,380.0,3
1700241690,2668.0,924.0,1626.0,380.0,3
1700241690,2627.0,928.0,1626.0,380.0,3
1700241690,2575.0,939.0,1626.0,380.0,3
1700241690,2522.0,951.0,1626.0,380.0,3
1700241690,2488.0,959.0,1626.0,380.0,3
1700241690,2467.0,964.0,1620.0,379.0,3
1700241690,2451.0,969.0,1610.0,379.0,3
1700241690,2441.0,972.0,1626.0,370.0,3
1700241690,2432.0,971.0,1630.0,366.0,3
1700241690,2485.0,962.0,1630.0,366.0,3
1700241690,2470.0,964.0,1630.0,366.0,3
1700241690,2452.0,964.0,1630.0,366.0,3
1700241690,2434.0,964.0,1639.0,365.0,3
1700241690,2420.0,965.0,1643.0,380.0,3
1700241690,2408.0,967.0,1676.0,406.0,3
1700241690,2397.0,968.0,1800.0,481.0,3
1700241690,2388.0,968.0,2029.0,582.0,3
1700241690,2382.0,967.0,2209.0,656.0,3
1700241690,2370.0,959.0,2398.0,732.0,3
1700241690,3144.0,647.0,2947.0,966.0,3
1700241690,3247.0,605.0,2947.0,966.0,3
1700241690,3232.0,588.0,2947.0,966.0,3
1700241690,3209.0,586.0,2947.0,966.0,3
1700241690,3112.0,625.0,2947.0,966.0,3
1700241690,2935.0,716.0,2947.0,966.0,3
1700241690,2705.0,833.0,2947.0,966.0,3
1700241690,2697.0,880.0,2947.0,966.0,3
1700241690,2586.0,920.0,2947.0,966.0,3
1700241690,2650.0,1016.0,2947.0,966.0,3
1700241690,2522.0,1251.0,2947.0,966.0,3
1700241691,2458.0,995.0,2610.0,879.0,3
1700241691,2437.0,1029.0,2610.0,879.0,3
1700241691,2453.0,996.0,2610.0,879.0,3
1700241691,2581.0,966.0,2616.0,881.0,3
1700241691,3240.0,809.0,2627.0,888.0,3
1700241691,3642.0,718.0,2639.0,891.0,3
1700241691,3107.0,864.0,2642.0,891.0,3
1700241691,2193.0,533.0,2034.0,565.0,0
1700241691,2124.0,567.0,2034.0,565.0,0
1700241691,2200.0,520.0,2034.0,565.0,3
1700241691,2202.0,519.0,2034.0,565.0,3
1700241691,2205.0,521.0,2034.0,565.0,3
1700241691,2206.0,518.0,2035.0,566.0,3
1700241691,2206.0,517.0,2038.0,562.0,3
1700241691,2206.0,516.0,2043.0,561.0,3
1700241691,2206.0,516.0,2055.0,561.0,3
1700241691,2575.0,979.0,2065.0,550.0,3
1700241691,2615.0,971.0,2065.0,550.0,3
1700241691,2642.0,522.0,2916.0,294.0,3
1700241691,2644.0,502.0,2916.0,294.0,3
1700241691,2644.0,474.0,2916.0,294.0,3
1700241691,2643.0,446.0,2917.0,297.0,3
1700241691,2641.0,426.0,2866.0,314.0,3
1700241691,2859.0,380.0,2785.0,391.0,3
1700241691,2864.0,380.0,2781.0,395.0,3
1700241691,2871.0,378.0,2779.0,400.0,3
1700241691,2879.0,376.0,2776.0,406.0,3
1700241691,2886.0,374.0,2774.0,415.0,3
1700241691,3190.0,281.0,2813.0,437.0,3
1700241691,3196.0,278.0,2813.0,437.0,3
1700241691,3287.0,226.0,2813.0,437.0,3
1700241691,3271.0,234.0,2813.0,437.0,3
1700241691,3270.0,233.0,2813.0,437.0,3
1700241691,3270.0,233.0,2813.0,437.0,3
1700241691,3270.0,232.0,2813.0,437.0,3
1700241691,3270.0,230.0,2813.0,437.0,3
1700241691,3271.0,227.0,2813.0,437.0,3
1700241691,3273.0,224.0,2813.0,437.0,3
1700241691,3275.0,220.0,2813.0,437.0,3
1700241691,3275.0,216.0,2813.0,437.0,3
1700241691,3277.0,212.0,2813.0,437.0,3
1700241691,3280.0,206.0,2813.0,437.0,3
1700241691,3283.0,197.0,2813.0,437.0,3
1700241691,3285.0,187.0,2813.0,437.0,3
1700241691,3288.0,172.0,2813.0,437.0,3
1700241691,3290.0,157.0,2813.0,437.0,3
1700241691,3293.0,146.0,2813.0,437.0,3
1700241691,3292.0,144.0,2813.0,437.0,3
1700241691,3293.0,140.0,2813.0,437.0,3
1700241691,3299.0,137.0,2813.0,437.0,3
1700241691,3299.0,135.0,2813.0,437.0,3
1700241691,3301.0,132.0,2813.0,437.0,3
1700241691,3323.0,129.0,2813.0,437.0,3
1700241691,3365.0,122.0,2813.0,437.0,3
1700241691,3405.0,119.0,2813.0,437.0,3
1700241691,3434.0,118.0,2813.0,437.0,3
1700241691,3456.0,116.0,2813.0,437.0,3
1700241691,3473.0,113.0,2813.0,437.0,3
1700241691,3484.0,112.0,2813.0,437.0,3
1700241691,3491.0,112.0,2813.0,437.0,3
1700241691,3496.0,111.0,2813.0,437.0,3
1700241691,3499.0,110.0,2813.0,437.0,3
1700241691,3501.0,109.0,2813.0,437.0,3
1700241691,3503.0,109.0,2813.0,437.0,3
1700241691,3493.0,108.0,2813.0,437.0,3
1700241691,3478.0,107.0,2813.0,437.0,3
1700241691,3451.0,106.0,2813.0,437.0,3
1700241691,3420.0,106.0,2813.0,437.0,3
1700241691,3392.0,106.0,2813.0,437.0,3
1700241691,3368.0,106.0,2813.0,437.0,3
1700241691,3350.0,107.0,2813.0,437.0,3
1700241691,3337.0,107.0,2813.0,437.0,3
1700241691,3328.0,108.0,2813.0,437.0,3
1700241691,3321.0,110.0,2813.0,437.0,3
1700241691,3317.0,111.0,2813.0,437.0,3
1700241691,3313.0,114.0,2813.0,437.0,3
1700241691,3309.0,116.0,2813.0,437.0,3
1700241691,3307.0,116.0,2813.0,437.0,3
1700241691,3305.0,116.0,2813.0,437.0,3
1700241691,3303.0,116.0,2813.0,437.0,3
1700241691,3303.0,117.0,2813.0,437.0,3
1700241691,3302.0,117.0,2813.0,437.0,3
1700241691,3302.0,117.0,2813.0,437.0,3
1700241691,3302.0,118.0,2813.0,437.0,3
1700241691,3302.0,117.0,2813.0,437.0,3
1700241691,3301.0,117.0,2813.0,437.0,3
1700241691,3301.0,118.0,2813.0,437.0,3
1700241691,3301.0,118.0,2813.0,437.0,3
1700241691,3300.0,119.0,2813.0,437.0,3
1700241691,3299.0,119.0,2813.0,437.0,3
1700241691,3299.0,120.0,2813.0,437.0,3
1700241691,3298.0,120.0,2813.0,437.0,3
1700241691,3297.0,121.0,2813.0,437.0,3
1700241691,3296.0,122.0,2813.0,437.0,3
1700241691,3295.0,122.0,2813.0,437.0,3
1700241691,3294.0,123.0,2813.0,437.0,3
1700241691,3293.0,124.0,2813.0,437.0,3
1700241691,3293.0,125.0,2813.0,437.0,3
1700241691,3292.0,125.0,2813.0,437.0,3
1700241691,3292.0,126.0,2813.0,437.0,3
1700241691,3291.0,127.0,2813.0,437.0,3
1700241691,3290.0,127.0,2813.0,437.0,3
1700241691,3290.0,128.0,2813.0,437.0,3
1700241691,3289.0,128.0,2813.0,437.0,3
1700241691,3289.0,129.0,2813.0,437.0,3
1700241691,3289.0,130.0,2813.0,437.0,3
1700241691,3288.0,131.0,2813.0,437.0,3
1700241691,3288.0,132.0,2813.0,437.0,3
1700241691,3288.0,133.0,2813.0,437.0,3
1700241691,3288.0,135.0,2813.0,437.0,3
1700241691,3287.0,136.0,2813.0,437.0,3
1700241691,3287.0,138.0,2813.0,437.0,3
1700241691,3286.0,140.0,2813.0,437.0,3
1700241691,3286.0,143.0,2813.0,437.0,3
1700241691,3286.0,146.0,2813.0,437.0,3
1700241691,3285.0,149.0,2813.0,437.0,3
1700241691,3285.0,151.0,2813.0,437.0,3
1700241691,3284.0,152.0,2813.0,437.0,3
1700241691,3283.0,154.0,2813.0,437.0,3
1700241691,3283.0,155.0,2813.0,437.0,3
1700241691,3283.0,156.0,2813.0,437.0,3
1700241691,3282.0,158.0,2813.0,437.0,3
1700241691,3282.0,158.0,2813.0,437.0,3
1700241691,3272.0,161.0,2813.0,437.0,3
1700241691,3174.0,201.0,2813.0,437.0,3
1700241691,2941.0,300.0,2813.0,437.0,3
1700241691,2759.0,377.0,2813.0,437.0,3
1700241691,2680.0,412.0,2813.0,437.0,3
1700241691,2644.0,429.0,2813.0,437.0,3
1700241691,2622.0,442.0,2813.0,437.0,3
1700241691,2615.0,449.0,2813.0,437.0,3
1700241691,2607.0,453.0,2813.0,437.0,3
1700241691,2594.0,447.0,2813.0,437.0,3
1700241691,2585.0,440.0,2813.0,437.0,3
1700241691,2578.0,436.0,2813.0,437.0,3
1700241691,2574.0,434.0,2813.0,437.0,3
1700241691,2571.0,431.0,2813.0,437.0,3
1700241691,2570.0,429.0,2813.0,437.0,3
1700241691,2568.0,427.0,2813.0,437.0,3
1700241691,2569.0,426.0,2813.0,437.0,3
1700241691,2568.0,425.0,2813.0,437.0,3
1700241691,2569.0,423.0,2813.0,437.0,3
1700241691,2571.0,423.0,2813.0,437.0,3
1700241691,2572.0,423.0,2813.0,437.0,3
1700241691,2573.0,424.0,2813.0,437.0,3
1700241691,2575.0,425.0,2813.0,437.0,3
1700241691,2601.0,424.0,2813.0,437.0,3
1700241691,3105.0,258.0,2813.0,437.0,3
1700241691,3128.0,248.0,2813.0,437.0,3
1700241691,3154.0,237.0,2813.0,437.0,3
1700241691,3177.0,226.0,2813.0,437.0,3
1700241691,3202.0,216.0,2813.0,437.0,3
1700241691,3150.0,214.0,2813.0,437.0,3
1700241691,3172.0,201.0,2813.0,437.0,3
1700241691,3197.0,186.0,2813.0,437.0,3
1700241691,3215.0,176.0,2813.0,437.0,3
1700241691,3235.0,168.0,2813.0,437.0,3
1700241691,3255.0,161.0,2813.0,437.0,3
1700241691,3269.0,154.0,2813.0,437.0,3
1700241691,3277.0,150.0,2813.0,437.0,3
1700241691,3284.0,147.0,2813.0,437.0,3
1700241691,3289.0,147.0,2813.0,437.0,3
1700241691,3292.0,145.0,2813.0,437.0,3
1700241691,3295.0,144.0,2813.0,437.0,3
1700241691,3297.0,142.0,2813.0,437.0,3
1700241691,3300.0,140.0,2813.0,437.0,3
1700241691,3304.0,138.0,2813.0,437.0,3
1700241691,3307.0,136.0,2813.0,437.0,3
1700241691,3308.0,133.0,2813.0,437.0,3
1700241691,3309.0,132.0,2813.0,437.0,3
1700241691,3310.0,130.0,2813.0,437.0,3
1700241691,3311.0,127.0,2813.0,437.0,3
1700241691,3312.0,125.0,2813.0,437.0,3
1700241691,3313.0,125.0,2813.0,437.0,3
1700241691,3314.0,124.0,2813.0,437.0,3
1700241691,3315.0,124.0,2813.0,437.0,3
1700241691,3316.0,123.0,2813.0,437.0,3
1700241691,3316.0,123.0,2813.0,437.0,3
1700241691,3316.0,123.0,2813.0,437.0,3
1700241691,3316.0,124.0,2813.0,437.0,3
1700241691,3316.0,124.0,2813.0,437.0,3
1700241691,3316.0,125.0,2813.0,437.0,3
1700241691,3315.0,125.0,2813.0,437.0,3
1700241691,3315.0,125.0,2813.0,437.0,3
1700241691,3315.0,125.0,2813.0,437.0,3
1700241691,3315.0,125.0,2813.0,437.0,3
1700241691,3315.0,126.0,2813.0,437.0,3
1700241691,3315.0,126.0,2813.0,437.0,3
1700241691,3315.0,127.0,2813.0,437.0,3
1700241691,3323.0,127.0,2813.0,437.0,3
1700241691,3346.0,126.0,2813.0,437.0,3
1700241691,3373.0,125.0,2813.0,437.0,3
1700241691,3398.0,123.0,2813.0,437.0,3
1700241691,3418.0,121.0,2813.0,437.0,3
1700241691,3435.0,121.0,2813.0,437.0,3
1700241691,3447.0,122.0,2813.0,437.0,3
1700241691,3437.0,124.0,2813.0,437.0,3
1700241691,3425.0,124.0,2813.0,437.0,3
1700241691,3420.0,124.0,2813.0,437.0,3
1700241691,3414.0,124.0,2813.0,437.0,3
1700241691,3404.0,123.0,2813.0,437.0,3
1700241691,3393.0,123.0,2813.0,437.0,3
1700241691,3381.0,124.0,2813.0,437.0,3
1700241691,3370.0,125.0,2813.0,437.0,3
1700241691,3360.0,126.0,2813.0,437.0,3
1700241691,3352.0,127.0,2813.0,437.0,3
1700241691,3346.0,128.0,2813.0,437.0,3
1700241691,3343.0,129.0,2813.0,437.0,3
1700241691,3339.0,131.0,2813.0,437.0,3
1700241691,3336.0,132.0,2813.0,437.0,3
1700241691,3333.0,133.0,2813.0,437.0,3
1700241691,3330.0,135.0,2813.0,437.0,3
1700241691,3329.0,136.0,2813.0,437.0,3
1700241691,3328.0,136.0,2813.0,437.0,3
1700241691,3327.0,137.0,2813.0,437.0,3
1700241691,3326.0,137.0,2813.0,437.0,3
1700241691,3326.0,138.0,2813.0,437.0,3
1700241691,3326.0,138.0,2813.0,437.0,3
1700241691,3325.0,138.0,2813.0,437.0,3
1700241691,3324.0,138.0,2813.0,437.0,3
1700241691,3323.0,138.0,2813.0,437.0,3
1700241691,3322.0,137.0,2813.0,437.0,3
1700241691,3321.0,136.0,2813.0,437.0,3
1700241691,3320.0,135.0,2813.0,437.0,3
1700241691,3320.0,135.0,2813.0,437.0,3
1700241691,3319.0,134.0,2813.0,437.0,3
1700241691,3318.0,133.0,2813.0,437.0,3
1700241691,3317.0,133.0,2813.0,437.0,3
1700241691,3316.0,132.0,2813.0,437.0,3
1700241691,3316.0,130.0,2813.0,437.0,3
1700241691,3315.0,128.0,2813.0,437.0,3
1700241691,3315.0,125.0,2813.0,437.0,3
1700241691,3314.0,123.0,2813.0,437.0,3
1700241691,3314.0,122.0,2813.0,437.0,3
1700241691,3314.0,120.0,2813.0,437.0,3
1700241691,3314.0,119.0,2813.0,437.0,3
1700241691,3314.0,117.0,2813.0,437.0,3
1700241691,3313.0,116.0,2813.0,437.0,3
1700241691,3312.0,114.0,2813.0,437.0,3
1700241691,3311.0,114.0,2813.0,437.0,3
1700241691,3311.0,113.0,2813.0,437.0,3
1700241691,3310.0,126.0,2813.0,437.0,3
1700241691,3320.0,14.0,3375.0,234.0,3
1700241691,3320.0,-23.0,3364.0,208.0,3
1700241691,3319.0,-73.0,3342.0,167.0,3
1700241691,3317.0,-119.0,3336.0,151.0,3
1700241691,3328.0,-52.0,3480.0,112.0,3
1700241691,3329.0,-51.0,3480.0,112.0,3
1700241691,3330.0,-48.0,3480.0,112.0,3
1700241691,3332.0,-42.0,3480.0,112.0,3
1700241691,3334.0,-33.0,3480.0,112.0,3
1700241691,3335.0,-23.0,3480.0,112.0,3
1700241691,3338.0,-15.0,3480.0,112.0,3
1700241691,3342.0,-7.0,3480.0,112.0,3
1700241691,3344.0,2.0,3480.0,112.0,3
1700241691,3340.0,10.0,3480.0,112.0,3
1700241691,3338.0,15.0,3480.0,112.0,3
1700241691,3337.0,17.0,3480.0,112.0,3
1700241691,3337.0,21.0,3480.0,112.0,3
1700241691,3336.0,25.0,3480.0,112.0,3
1700241691,3336.0,27.0,3480.0,112.0,3
1700241691,3336.0,28.0,3480.0,112.0,3
1700241691,3336.0,29.0,3480.0,112.0,3
1700241691,3336.0,30.0,3480.0,112.0,3
1700241691,3336.0,30.0,3480.0,112.0,3
1700241691,3336.0,30.0,3480.0,112.0,3
1700241691,3337.0,30.0,3480.0,112.0,3
1700241691,3337.0,31.0,3480.0,112.0,3
1700241691,3337.0,31.0,3480.0,112.0,3
1700241691,3337.0,31.0,3480.0,112.0,3
1700241691,3337.0,31.0,3480.0,112.0,3
1700241691,3339.0,33.0,3480.0,112.0,3
1700241691,3335.0,37.0,3480.0,112.0,3
1700241691,3312.0,51.0,3480.0,112.0,3
1700241691,3282.0,67.0,3480.0,112.0,3
1700241691,3277.0,76.0,3480.0,112.0,3
1700241691,3273.0,79.0,3480.0,112.0,3
1700241691,3273.0,81.0,3480.0,112.0,3
1700241691,3273.0,82.0,3480.0,112.0,3
1700241691,3270.0,83.0,3480.0,112.0,3
1700241691,3271.0,86.0,3480.0,112.0,3
1700241691,3275.0,87.0,3480.0,112.0,3
1700241691,3278.0,88.0,3480.0,112.0,3
1700241691,3281.0,89.0,3480.0,112.0,3
1700241691,3282.0,91.0,3480.0,112.0,3
1700241691,3284.0,93.0,3480.0,112.0,3
1700241691,3285.0,95.0,3480.0,112.0,3
1700241691,3286.0,98.0,3480.0,112.0,3
1700241691,3287.0,101.0,3480.0,112.0,3
1700241691,3288.0,104.0,3480.0,112.0,3
1700241691,3290.0,105.0,3480.0,112.0,3
1700241691,3292.0,106.0,3480.0,112.0,3
1700241691,3293.0,106.0,3480.0,112.0,3
1700241691,3295.0,106.0,3480.0,112.0,3
1700241691,3296.0,106.0,3480.0,112.0,3
1700241691,3297.0,106.0,3480.0,112.0,3
1700241691,3298.0,106.0,3480.0,112.0,3
1700241691,3298.0,105.0,3480.0,112.0,3
1700241691,3300.0,105.0,3480.0,112.0,3
1700241692,3301.0,104.0,3480.0,112.0,3
1700241692,3302.0,103.0,3480.0,112.0,3
1700241692,3304.0,103.0,3480.0,112.0,3
1700241692,3306.0,103.0,3480.0,112.0,3
1700241692,3307.0,102.0,3480.0,112.0,3
1700241692,3310.0,101.0,3480.0,112.0,3
1700241692,3311.0,102.0,3480.0,112.0,3
1700241692,3313.0,102.0,3480.0,112.0,3
1700241692,3313.0,103.0,3480.0,112.0,3
1700241692,3313.0,103.0,3480.0,112.0,3
1700241692,3313.0,103.0,3480.0,112.0,3
1700241692,3313.0,104.0,3480.0,112.0,3
1700241692,3313.0,104.0,3480.0,112.0,3
1700241692,3312.0,105.0,3480.0,112.0,3
1700241692,3312.0,105.0,3480.0,112.0,3
1700241692,3312.0,106.0,3480.0,112.0,3
1700241692,3312.0,106.0,3480.0,112.0,3
1700241692,3312.0,106.0,3480.0,112.0,3
1700241692,3312.0,107.0,3480.0,112.0,3
1700241692,3312.0,107.0,3480.0,112.0,3
1700241692,3312.0,107.0,3480.0,112.0,3
1700241692,3312.0,107.0,3480.0,112.0,3
1700241692,3312.0,106.0,3480.0,112.0,3
1700241692,3312.0,106.0,3480.0,112.0,3
1700241692,3312.0,106.0,3480.0,112.0,3
1700241692,3312.0,106.0,3480.0,112.0,3
1700241692,3312.0,106.0,3480.0,112.0,3
1700241692,3313.0,105.0,3480.0,112.0,3
1700241692,3313.0,105.0,3480.0,112.0,3
1700241692,3313.0,104.0,3480.0,112.0,3
1700241692,3313.0,104.0,3480.0,112.0,3
1700241692,3314.0,104.0,3480.0,112.0,3
1700241692,3314.0,104.0,3480.0,112.0,3
1700241692,3314.0,103.0,3480.0,112.0,3
1700241692,3314.0,103.0,3480.0,112.0,3
1700241692,3314.0,102.0,3480.0,112.0,3
1700241692,3314.0,100.0,3480.0,112.0,3
1700241692,3315.0,100.0,3480.0,112.0,3
1700241692,3315.0,99.0,3480.0,112.0,3
1700241692,3316.0,99.0,3480.0,112.0,3
1700241692,3316.0,98.0,3480.0,112.0,3
1700241692,3317.0,97.0,3480.0,112.0,3
1700241692,3317.0,96.0,3480.0,112.0,3
1700241692,3318.0,95.0,3480.0,112.0,3
1700241692,3318.0,94.0,3480.0,112.0,3
1700241692,3319.0,93.0,3480.0,112.0,3
1700241692,3319.0,93.0,3480.0,112.0,3
1700241692,3319.0,92.0,3480.0,112.0,3
1700241692,3320.0,91.0,3480.0,112.0,3
1700241692,3320.0,90.0,3480.0,112.0,3
1700241692,3319.0,89.0,3480.0,112.0,3
1700241692,3319.0,88.0,3480.0,112.0,3
1700241692,3320.0,87.0,3480.0,112.0,3
1700241692,3320.0,87.0,3480.0,112.0,3
1700241692,3320.0,86.0,3480.0,112.0,3
1700241692,3320.0,86.0,3480.0,112.0,3
1700241692,3320.0,86.0,3480.0,112.0,3
1700241692,3320.0,86.0,3480.0,112.0,3
1700241692,3320.0,87.0,3480.0,112.0,3
1700241692,3320.0,87.0,3480.0,112.0,3
1700241692,3320.0,88.0,3480.0,112.0,3
1700241692,3320.0,88.0,3480.0,112.0,3
1700241692,3319.0,90.0,3480.0,112.0,3
1700241692,3319.0,91.0,3480.0,112.0,3
1700241692,3318.0,94.0,3480.0,112.0,3
1700241692,3317.0,97.0,3480.0,112.0,3
1700241692,3317.0,100.0,3480.0,112.0,3
1700241692,3316.0,103.0,3480.0,112.0,3
1700241692,3315.0,107.0,3480.0,112.0,3
1700241692,3314.0,111.0,3480.0,112.0,3
1700241692,3313.0,114.0,3480.0,112.0,3
1700241692,3311.0,119.0,3480.0,112.0,3
1700241692,3311.0,121.0,3480.0,112.0,3
1700241692,3310.0,123.0,3480.0,112.0,3
1700241692,3309.0,125.0,3480.0,112.0,3
1700241692,3309.0,126.0,3480.0,112.0,3
1700241692,3309.0,127.0,3480.0,112.0,3
1700241692,3309.0,127.0,3480.0,112.0,3
1700241692,3310.0,127.0,3480.0,112.0,3
1700241692,3310.0,126.0,3480.0,112.0,3
1700241692,3310.0,126.0,3480.0,112.0,3
1700241692,3310.0,125.0,3480.0,112.0,3
1700241692,3310.0,125.0,3480.0,112.0,3
1700241692,3311.0,124.0,3480.0,112.0,3
1700241692,3311.0,123.0,3480.0,112.0,3
1700241692,3312.0,123.0,3480.0,112.0,3
1700241692,3312.0,121.0,3480.0,112.0,3
1700241692,3312.0,120.0,3480.0,112.0,3
1700241692,3313.0,118.0,3480.0,112.0,3
1700241692,3313.0,117.0,3480.0,112.0,3
1700241692,3313.0,116.0,3480.0,112.0,3
1700241692,3314.0,114.0,3480.0,112.0,3
1700241692,3315.0,112.0,3480.0,112.0,3
1700241692,3316.0,110.0,3480.0,112.0,3
1700241692,3316.0,108.0,3480.0,112.0,3
1700241692,3318.0,105.0,3480.0,112.0,3
1700241692,3319.0,103.0,3480.0,112.0,3
1700241692,3320.0,101.0,3480.0,112.0,3
1700241692,3321.0,99.0,3480.0,112.0,3
1700241692,3322.0,96.0,3480.0,112.0,3
1700241692,3323.0,94.0,3480.0,112.0,3
1700241692,3323.0,91.0,3480.0,112.0,3
1700241692,3324.0,88.0,3480.0,112.0,3
1700241692,3324.0,84.0,3480.0,112.0,3
1700241692,3325.0,81.0,3480.0,112.0,3
1700241692,3326.0,79.0,3480.0,112.0,3
1700241692,3327.0,78.0,3480.0,112.0,3
1700241692,3327.0,76.0,3480.0,112.0,3
1700241692,3328.0,74.0,3480.0,112.0,3
1700241692,3329.0,73.0,3480.0,112.0,3
1700241692,3329.0,72.0,3480.0,112.0,3
1700241692,3329.0,72.0,3480.0,112.0,3
1700241692,3329.0,71.0,3480.0,112.0,3
1700241692,3329.0,71.0,3480.0,112.0,3
1700241692,3329.0,71.0,3480.0,112.0,3
1700241692,3328.0,71.0,3480.0,112.0,3
1700241692,3328.0,71.0,3480.0,112.0,3
1700241692,3328.0,71.0,3480.0,112.0,3
1700241692,3328.0,71.0,3480.0,112.0,3
1700241692,3328.0,70.0,3480.0,112.0,3
1700241692,3328.0,70.0,3480.0,112.0,3
1700241692,3328.0,69.0,3480.0,112.0,3
1700241692,3328.0,69.0,3480.0,112.0,3
1700241692,3328.0,68.0,3480.0,112.0,3
1700241692,3328.0,67.0,3480.0,112.0,3
1700241692,3328.0,67.0,3480.0,112.0,3
1700241692,3328.0,66.0,3480.0,112.0,3
1700241692,3328.0,65.0,3480.0,112.0,3
1700241692,3329.0,65.0,3480.0,112.0,3
1700241692,3329.0,64.0,3480.0,112.0,3
1700241692,3329.0,63.0,3480.0,112.0,3
1700241692,3329.0,62.0,3480.0,112.0,3
1700241692,3329.0,61.0,3480.0,112.0,3
1700241692,3329.0,61.0,3480.0,112.0,3
1700241692,3329.0,60.0,3480.0,112.0,3
1700241692,3329.0,61.0,3480.0,112.0,3
1700241692,3329.0,60.0,3480.0,112.0,3
1700241692,3329.0,60.0,3480.0,112.0,3
1700241692,3329.0,60.0,3480.0,112.0,3
1700241692,3324.0,62.0,3480.0,112.0,3
1700241692,3268.0,85.0,3480.0,112.0,3
1700241692,3056.0,177.0,3480.0,112.0,3
1700241692,2792.0,297.0,3480.0,112.0,3
1700241692,2655.0,366.0,3480.0,112.0,3
1700241692,2598.0,397.0,3480.0,112.0,3
1700241692,2574.0,411.0,3480.0,112.0,3
1700241692,2558.0,415.0,3480.0,112.0,3
1700241692,2553.0,419.0,3480.0,112.0,3
1700241692,2550.0,425.0,3480.0,112.0,3
1700241692,2548.0,432.0,3480.0,112.0,3
1700241692,2546.0,435.0,3480.0,112.0,3
1700241692,2540.0,432.0,3480.0,112.0,3
1700241692,2535.0,427.0,3480.0,112.0,3
1700241692,2531.0,424.0,3480.0,112.0,3
1700241692,2529.0,423.0,3480.0,112.0,3
1700241692,2528.0,423.0,3480.0,112.0,3
1700241692,2527.0,424.0,3480.0,112.0,3
1700241692,2526.0,432.0,3480.0,112.0,3
1700241692,2525.0,450.0,3480.0,112.0,3
1700241692,2524.0,469.0,3480.0,112.0,3
1700241692,2539.0,484.0,3480.0,112.0,3
1700241692,2539.0,494.0,3480.0,112.0,3
1700241692,2541.0,511.0,3480.0,112.0,3
1700241692,2542.0,517.0,3480.0,112.0,3
1700241692,2563.0,537.0,3480.0,112.0,3
1700241692,2554.0,522.0,3480.0,112.0,3
1700241692,2552.0,521.0,3480.0,112.0,3
1700241692,2551.0,520.0,3480.0,112.0,3
1700241692,2550.0,521.0,3480.0,112.0,3
1700241692,2549.0,521.0,3480.0,112.0,3
1700241692,2547.0,521.0,3480.0,112.0,3
1700241692,2545.0,521.0,3480.0,112.0,3
1700241692,2544.0,521.0,3480.0,112.0,3
1700241692,2542.0,522.0,3480.0,112.0,3
1700241692,2541.0,523.0,3480.0,112.0,3
1700241692,2531.0,553.0,3480.0,112.0,3
1700241692,2487.0,660.0,3480.0,112.0,3
1700241692,2444.0,763.0,3480.0,112.0,3
1700241692,2432.0,829.0,3480.0,112.0,3
1700241692,2420.0,860.0,3480.0,112.0,3
1700241692,2416.0,880.0,3480.0,112.0,3
1700241692,2415.0,885.0,3480.0,112.0,3
1700241692,2413.0,885.0,3480.0,112.0,3
1700241692,2411.0,887.0,3480.0,112.0,3
1700241692,2408.0,895.0,3480.0,112.0,3
1700241692,2405.0,904.0,3480.0,112.0,3
1700241692,2408.0,922.0,3480.0,112.0,3
1700241692,2410.0,945.0,3480.0,112.0,3
1700241692,2409.0,959.0,3480.0,112.0,3
1700241692,2409.0,968.0,3480.0,112.0,3
1700241692,2410.0,975.0,3480.0,112.0,3
1700241692,2410.0,981.0,3480.0,112.0,3
1700241692,2408.0,983.0,3480.0,112.0,3
1700241692,2410.0,984.0,3457.0,132.0,3
1700241692,2411.0,985.0,3414.0,213.0,3
1700241692,2412.0,985.0,3302.0,386.0,3
1700241692,2412.0,985.0,3176.0,529.0,3
1700241692,2418.0,986.0,3087.0,637.0,3
1700241692,2438.0,985.0,3039.0,698.0,3
1700241692,2463.0,982.0,2988.0,763.0,3
1700241692,2493.0,977.0,2947.0,808.0,3
1700241692,2448.0,959.0,2843.0,932.0,3
1700241692,2446.0,958.0,2843.0,932.0,3
1700241692,2441.0,957.0,2843.0,932.0,3
1700241692,2435.0,956.0,2843.0,932.0,3
1700241692,2430.0,955.0,2843.0,932.0,3
1700241692,2425.0,955.0,2843.0,932.0,3
1700241692,2420.0,954.0,2843.0,932.0,3
1700241692,2417.0,953.0,2843.0,932.0,3
1700241692,2416.0,952.0,2843.0,932.0,3
1700241692,2415.0,949.0,2843.0,932.0,3
1700241692,2416.0,946.0,2843.0,932.0,3
1700241692,2416.0,944.0,2843.0,932.0,3
1700241692,2416.0,943.0,2843.0,932.0,3
1700241692,2415.0,941.0,2843.0,932.0,3
1700241692,2414.0,942.0,2843.0,932.0,3
1700241692,2413.0,942.0,2843.0,932.0,3
1700241692,2414.0,941.0,2843.0,932.0,3
1700241692,2413.0,941.0,2843.0,932.0,3
1700241692,2409.0,940.0,2843.0,932.0,3
1700241692,2406.0,938.0,2843.0,932.0,3
1700241692,2404.0,939.0,2843.0,932.0,3
1700241692,2402.0,938.0,2846.0,934.0,3
1700241692,2400.0,937.0,2850.0,936.0,3
1700241692,2398.0,936.0,2852.0,936.0,3
1700241692,2397.0,935.0,2852.0,926.0,3
1700241692,2392.0,937.0,2851.0,911.0,3
1700241692,2397.0,965.0,2849.0,940.0,3
1700241692,2396.0,965.0,2849.0,940.0,3
1700241692,2395.0,966.0,2849.0,940.0,3
1700241692,2393.0,967.0,2849.0,940.0,3
1700241692,2389.0,968.0,2849.0,940.0,3
1700241692,2384.0,971.0,2848.0,940.0,3
1700241692,2375.0,972.0,2847.0,940.0,3
1700241692,2372.0,975.0,2847.0,940.0,3
1700241692,2368.0,977.0,2846.0,940.0,3
1700241692,2377.0,964.0,2846.0,940.0,3
1700241692,2377.0,965.0,2846.0,940.0,3
1700241692,2377.0,965.0,2846.0,940.0,3
1700241692,2376.0,965.0,2846.0,940.0,3
1700241692,2376.0,966.0,2846.0,940.0,3
1700241692,2376.0,968.0,2846.0,940.0,3
1700241692,2376.0,969.0,2846.0,940.0,3
1700241692,2377.0,970.0,2846.0,940.0,3
1700241692,2378.0,971.0,2846.0,940.0,3
1700241692,2379.0,972.0,2846.0,940.0,3
1700241692,2381.0,973.0,2846.0,940.0,3
1700241692,2415.0,941.0,2846.0,940.0,3
1700241692,2584.0,761.0,2846.0,940.0,3
1700241692,2876.0,489.0,2913.0,913.0,3
1700241692,3100.0,325.0,3049.0,795.0,3
1700241692,3204.0,262.0,3180.0,671.0,3
1700241692,3248.0,240.0,3214.0,619.0,3
1700241692,3263.0,234.0,3215.0,606.0,3
1700241692,3265.0,237.0,3215.0,606.0,3
1700241692,3263.0,241.0,3215.0,606.0,3
1700241692,3261.0,244.0,3215.0,606.0,3
1700241692,3261.0,247.0,3254.0,576.0,3
1700241692,3262.0,250.0,3360.0,429.0,3
1700241692,3279.0,253.0,3430.0,305.0,3
1700241692,3311.0,255.0,3465.0,250.0,3
1700241692,3339.0,255.0,3477.0,229.0,3
1700241692,3361.0,254.0,3477.0,229.0,3
1700241692,3377.0,252.0,3477.0,229.0,3
1700241692,3390.0,251.0,3477.0,229.0,3
1700241692,3400.0,247.0,3477.0,229.0,3
1700241692,3415.0,244.0,3499.0,209.0,3
1700241692,3435.0,240.0,3527.0,160.0,3
1700241692,3451.0,234.0,3551.0,128.0,3
1700241692,3465.0,227.0,3569.0,115.0,3
1700241692,3479.0,214.0,3578.0,111.0,3
1700241692,3499.0,196.0,3584.0,109.0,3
1700241692,3511.0,185.0,3596.0,109.0,3
1700241692,3495.0,195.0,3597.0,108.0,3
1700241692,3524.0,174.0,3601.0,108.0,3
1700241692,3527.0,170.0,3612.0,118.0,3
1700241692,3532.0,165.0,3623.0,123.0,3
1700241692,3548.0,147.0,3630.0,121.0,3
1700241692,3558.0,139.0,3632.0,119.0,3
1700241692,3561.0,140.0,3633.0,118.0,3
1700241692,3563.0,139.0,3633.0,117.0,3
1700241692,3564.0,137.0,3633.0,117.0,3
1700241692,3566.0,135.0,3633.0,117.0,3
1700241692,3568.0,133.0,3633.0,117.0,3
1700241692,3570.0,130.0,3633.0,117.0,3
1700241692,3564.0,128.0,3633.0,117.0,3
1700241692,3521.0,135.0,3633.0,117.0,3
1700241692,3301.0,180.0,3633.0,116.0,3
1700241692,2969.0,264.0,3632.0,114.0,3
1700241692,2687.0,347.0,3632.0,114.0,3
1700241692,2554.0,378.0,3632.0,114.0,3
1700241692,2534.0,379.0,3632.0,114.0,3
1700241692,2582.0,340.0,3632.0,114.0,0
1700241692,2646.0,281.0,3632.0,114.0,0
1700241692,2675.0,246.0,3632.0,114.0,0
1700241692,2688.0,224.0,3632.0,114.0,3
1700241692,2698.0,207.0,3632.0,114.0,3
1700241692,2707.0,195.0,3632.0,114.0,3
1700241692,2713.0,186.0,3632.0,114.0,3
1700241692,2719.0,179.0,3632.0,114.0,3
1700241692,2726.0,173.0,3632.0,114.0,3
1700241692,2730.0,166.0,3632.0,114.0,3
1700241692,2734.0,163.0,3632.0,114.0,3
1700241692,2736.0,159.0,3632.0,114.0,3
1700241692,2726.0,165.0,3632.0,114.0,3
1700241692,2689.0,195.0,3632.0,114.0,3
1700241692,2631.0,240.0,3632.0,114.0,3
1700241692,2576.0,280.0,3632.0,114.0,3
1700241692,2543.0,306.0,3632.0,114.0,3
1700241692,2530.0,321.0,3632.0,114.0,3
1700241692,2522.0,332.0,3632.0,114.0,3
1700241692,2510.0,348.0,3632.0,114.0,3
1700241692,2504.0,373.0,3632.0,114.0,3
1700241692,2503.0,388.0,3632.0,114.0,3
1700241692,2509.0,395.0,3632.0,114.0,3
1700241692,2513.0,401.0,3632.0,114.0,3
1700241692,2508.0,528.0,3632.0,114.0,3
1700241692,2510.0,534.0,3632.0,114.0,3
1700241692,2517.0,554.0,3632.0,114.0,3
1700241692,2529.0,585.0,3632.0,114.0,3
1700241692,2541.0,616.0,3632.0,114.0,3
1700241692,2549.0,639.0,3632.0,114.0,3
1700241692,2552.0,658.0,3632.0,114.0,3
1700241692,2553.0,671.0,3632.0,114.0,3
1700241692,2556.0,680.0,3632.0,114.0,3
1700241692,2570.0,685.0,3632.0,114.0,3
1700241692,2584.0,689.0,3632.0,114.0,3
1700241692,2596.0,695.0,3632.0,114.0,3
1700241692,2600.0,701.0,3632.0,114.0,3
1700241692,2606.0,705.0,3632.0,114.0,3
1700241692,2609.0,706.0,3632.0,114.0,3
1700241692,2612.0,707.0,3632.0,114.0,3
1700241692,2628.0,813.0,2767.0,691.0,3
1700241692,2625.0,820.0,2767.0,691.0,3
1700241692,2633.0,828.0,2767.0,691.0,3
1700241692,2656.0,833.0,2767.0,691.0,3
1700241692,2650.0,841.0,2767.0,689.0,3
1700241692,2640.0,850.0,2757.0,696.0,3
1700241692,2651.0,849.0,2743.0,703.0,3
1700241692,2675.0,846.0,2742.0,704.0,3
1700241692,2703.0,852.0,2740.0,704.0,3
1700241692,2738.0,849.0,2738.0,704.0,3
1700241692,2647.0,588.0,2267.0,602.0,0
1700241692,2622.0,571.0,2267.0,602.0,0
1700241692,2622.0,569.0,2267.0,602.0,0
1700241692,2630.0,567.0,2267.0,602.0,0
1700241692,2643.0,566.0,2267.0,602.0,3
1700241692,2657.0,566.0,2267.0,602.0,3
1700241692,2670.0,566.0,2266.0,603.0,3
1700241692,2683.0,566.0,2296.0,604.0,3
1700241692,2693.0,566.0,2392.0,606.0,3
1700241692,2697.0,564.0,2514.0,586.0,3
1700241692,2685.0,561.0,2597.0,554.0,3
1700241692,2673.0,558.0,2666.0,514.0,3
1700241692,2659.0,555.0,2710.0,484.0,3
1700241692,2644.0,550.0,2731.0,472.0,3
1700241692,2629.0,545.0,2734.0,465.0,3
1700241692,2617.0,542.0,2734.0,464.0,3
1700241692,2607.0,540.0,2734.0,464.0,3
1700241692,2595.0,539.0,2734.0,464.0,3
1700241692,2582.0,545.0,2734.0,464.0,3
1700241692,2573.0,551.0,2734.0,464.0,3
1700241692,2566.0,555.0,2832.0,441.0,3
1700241692,2560.0,559.0,2939.0,394.0,3
1700241692,2555.0,563.0,3069.0,323.0,3
1700241692,2550.0,567.0,3182.0,273.0,3
1700241692,2548.0,571.0,3249.0,249.0,3
1700241692,2545.0,572.0,3258.0,245.0,3
1700241692,2544.0,576.0,3258.0,245.0,3
1700241692,2548.0,577.0,3258.0,245.0,3
1700241692,2553.0,579.0,3258.0,245.0,3
1700241692,2557.0,579.0,3258.0,245.0,3
1700241692,2560.0,580.0,3258.0,245.0,3
1700241692,2562.0,582.0,3258.0,245.0,3
1700241692,2565.0,582.0,3259.0,250.0,3
1700241692,2567.0,583.0,3216.0,304.0,3
1700241692,2570.0,583.0,3161.0,353.0,3
1700241692,2572.0,584.0,3138.0,378.0,3
1700241692,2574.0,584.0,3130.0,392.0,3
1700241692,2575.0,584.0,3126.0,406.0,3
1700241692,2576.0,584.0,3122.0,417.0,3
1700241692,2577.0,584.0,3122.0,417.0,3
1700241692,2583.0,578.0,3122.0,417.0,3
1700241692,2617.0,519.0,3122.0,417.0,0
1700241692,2666.0,414.0,3122.0,417.0,0
1700241692,2705.0,335.0,3122.0,417.0,0
1700241692,2727.0,290.0,3122.0,417.0,3
1700241692,2738.0,265.0,3122.0,417.0,3
1700241692,2744.0,254.0,3122.0,417.0,3
1700241692,2747.0,247.0,3122.0,417.0,3
1700241692,2748.0,240.0,3122.0,417.0,3
1700241692,2796.0,218.0,3122.0,417.0,3
1700241692,2919.0,167.0,3122.0,417.0,3
1700241692,3047.0,125.0,3122.0,417.0,3
1700241692,3127.0,104.0,3122.0,417.0,3
1700241692,3169.0,93.0,3122.0,417.0,3
1700241692,3190.0,85.0,3122.0,417.0,3
1700241692,3202.0,82.0,3122.0,417.0,3
1700241692,3209.0,81.0,3122.0,417.0,3
1700241692,3212.0,80.0,3122.0,417.0,3
1700241692,3215.0,79.0,3122.0,417.0,3
1700241692,3216.0,78.0,3122.0,417.0,3
1700241692,3217.0,77.0,3122.0,417.0,3
1700241692,3218.0,76.0,3120.0,418.0,3
1700241692,3218.0,75.0,3120.0,418.0,3
1700241692,3219.0,73.0,3119.0,419.0,3
1700241692,3252.0,76.0,3119.0,419.0,3
1700241692,3315.0,82.0,3118.0,419.0,3
1700241692,3374.0,85.0,3118.0,419.0,3
1700241692,3422.0,87.0,3118.0,419.0,3
1700241692,3452.0,91.0,3135.0,401.0,3
1700241692,3471.0,95.0,3224.0,329.0,3
1700241692,3480.0,101.0,3343.0,268.0,3
1700241692,3486.0,106.0,3420.0,234.0,3
1700241692,3500.0,114.0,3476.0,205.0,3
1700241692,3513.0,121.0,3490.0,192.0,3
1700241692,3524.0,127.0,3503.0,180.0,3
1700241692,3531.0,129.0,3514.0,171.0,3
1700241692,3537.0,130.0,3527.0,163.0,3
1700241692,3542.0,131.0,3549.0,149.0,3
1700241692,3547.0,130.0,3563.0,139.0,3
1700241692,3552.0,127.0,3576.0,133.0,3
1700241692,3557.0,125.0,3579.0,131.0,3
1700241692,3560.0,123.0,3581.0,130.0,3
1700241692,3563.0,120.0,3588.0,130.0,3
1700241692,3565.0,119.0,3596.0,128.0,3
1700241692,3563.0,115.0,3600.0,124.0,3
1700241692,3561.0,112.0,3603.0,123.0,3
1700241692,3559.0,110.0,3604.0,123.0,3
1700241692,3557.0,109.0,3607.0,121.0,3
1700241692,3555.0,108.0,3617.0,122.0,3
1700241692,3553.0,107.0,3622.0,122.0,3
1700241692,3552.0,107.0,3623.0,123.0,3
1700241692,3555.0,107.0,3623.0,123.0,3
1700241692,3560.0,105.0,3623.0,123.0,3
1700241692,3563.0,106.0,3623.0,123.0,3
1700241692,3565.0,106.0,3623.0,123.0,3
1700241692,3570.0,105.0,3623.0,123.0,3
1700241692,3574.0,103.0,3623.0,123.0,3
1700241692,3579.0,100.0,3623.0,123.0,3
1700241692,3582.0,99.0,3625.0,121.0,3
1700241692,3062.0,257.0,3630.0,109.0,3
1700241692,2929.0,296.0,3630.0,109.0,3
1700241692,2787.0,334.0,3630.0,109.0,3
1700241692,2696.0,362.0,3630.0,109.0,3
1700241692,2648.0,382.0,3630.0,109.0,3
1700241692,2621.0,397.0,3630.0,109.0,3
1700241692,2606.0,406.0,3630.0,109.0,3
1700241692,2599.0,414.0,3630.0,109.0,3
1700241692,2592.0,425.0,3630.0,109.0,3
1700241692,2589.0,440.0,3630.0,109.0,3
1700241692,2584.0,442.0,3630.0,109.0,3
1700241692,2579.0,448.0,3630.0,109.0,3
1700241692,2576.0,451.0,3630.0,109.0,3
1700241692,2574.0,454.0,3630.0,109.0,3
1700241692,2573.0,455.0,3630.0,109.0,3
1700241692,2576.0,449.0,3630.0,109.0,3
1700241692,2579.0,446.0,3630.0,109.0,3
1700241692,2581.0,445.0,3630.0,109.0,3
1700241692,2583.0,443.0,3630.0,109.0,3
1700241692,2586.0,440.0,3630.0,109.0,3
1700241692,2589.0,437.0,3630.0,109.0,3
1700241692,2590.0,438.0,3630.0,109.0,3
1700241692,2590.0,440.0,3630.0,109.0,0
1700241692,2590.0,442.0,3630.0,107.0,0
1700241692,2590.0,444.0,3630.0,107.0,0
1700241692,2590.0,447.0,3630.0,107.0,0
1700241692,2590.0,450.0,3630.0,107.0,3
1700241692,2589.0,453.0,3630.0,107.0,3
1700241692,2589.0,457.0,3630.0,107.0,3
1700241692,2590.0,461.0,3630.0,107.0,3
1700241692,2591.0,465.0,3630.0,107.0,3
1700241692,2591.0,469.0,3630.0,107.0,3
1700241692,2591.0,472.0,3630.0,107.0,3
1700241692,2592.0,474.0,3630.0,107.0,3
1700241692,2592.0,475.0,3630.0,107.0,3
1700241692,2593.0,477.0,3630.0,107.0,3
1700241692,2593.0,478.0,3630.0,107.0,3
1700241692,2595.0,480.0,3630.0,107.0,3
1700241692,2596.0,479.0,3630.0,107.0,0
1700241692,2597.0,479.0,3630.0,107.0,0
1700241692,2598.0,478.0,3630.0,107.0,0
1700241692,2598.0,477.0,3630.0,107.0,3
1700241692,2598.0,477.0,3630.0,107.0,3
1700241692,2598.0,476.0,3630.0,107.0,3
1700241692,2598.0,476.0,3630.0,107.0,3
1700241692,2598.0,475.0,3630.0,107.0,3
1700241692,2598.0,475.0,3630.0,107.0,3
1700241692,2598.0,474.0,3630.0,107.0,3
1700241692,2598.0,474.0,3630.0,107.0,3
1700241692,2598.0,474.0,3630.0,107.0,3
1700241692,2597.0,473.0,3630.0,107.0,3
1700241692,2597.0,471.0,3630.0,107.0,3
1700241692,2597.0,469.0,3630.0,107.0,3
1700241692,2597.0,467.0,3630.0,107.0,3
1700241692,2597.0,464.0,3630.0,107.0,3
1700241692,2597.0,462.0,3630.0,107.0,3
1700241692,2597.0,459.0,3630.0,107.0,0
1700241692,2596.0,457.0,3630.0,107.0,0
1700241692,2596.0,453.0,3630.0,107.0,0
1700241692,2596.0,450.0,3630.0,107.0,0
1700241692,2597.0,447.0,3630.0,107.0,3
1700241692,2597.0,445.0,3630.0,107.0,3
1700241692,2597.0,442.0,3630.0,107.0,3
1700241692,2597.0,441.0,3630.0,107.0,3
1700241692,2596.0,439.0,3630.0,107.0,3
1700241692,2596.0,438.0,3630.0,107.0,3
1700241692,2596.0,436.0,3630.0,107.0,3
1700241692,2596.0,434.0,3630.0,107.0,3
1700241692,2596.0,433.0,3630.0,107.0,3
1700241692,2594.0,432.0,3630.0,107.0,3
1700241692,2587.0,430.0,3630.0,107.0,3
1700241692,2580.0,429.0,3630.0,107.0,3
1700241692,2573.0,428.0,3630.0,107.0,3
1700241692,2567.0,427.0,3630.0,107.0,3
1700241692,2562.0,426.0,3630.0,107.0,3
1700241692,2559.0,425.0,3630.0,107.0,3
1700241692,2553.0,427.0,3630.0,107.0,0
1700241692,2548.0,432.0,3630.0,107.0,0
1700241692,2542.0,437.0,3630.0,107.0,0
1700241692,2537.0,442.0,3630.0,107.0,0
1700241692,2532.0,447.0,3630.0,107.0,3
1700241692,2529.0,452.0,3630.0,107.0,3
1700241692,2527.0,456.0,3630.0,107.0,3
1700241692,2525.0,459.0,3630.0,107.0,3
1700241692,2523.0,461.0,3630.0,107.0,3
1700241692,2522.0,462.0,3630.0,107.0,3
1700241692,2521.0,463.0,3630.0,107.0,3
1700241692,2521.0,465.0,3630.0,107.0,3
1700241692,2520.0,470.0,3630.0,107.0,3
1700241692,2519.0,477.0,3630.0,107.0,3
1700241692,2519.0,484.0,3630.0,107.0,3
1700241692,2520.0,489.0,3630.0,107.0,3
1700241692,2520.0,492.0,3630.0,107.0,3
1700241692,2519.0,496.0,3630.0,107.0,3
1700241692,2518.0,499.0,3630.0,107.0,3
1700241692,2525.0,501.0,3630.0,107.0,3
1700241692,2535.0,503.0,3630.0,107.0,3
1700241692,2544.0,506.0,3630.0,107.0,3
1700241692,2552.0,508.0,3630.0,107.0,3
1700241692,2560.0,510.0,3630.0,107.0,3
1700241692,2775.0,510.0,3630.0,107.0,0
1700241692,2772.0,527.0,3630.0,107.0,3
1700241692,2742.0,539.0,3630.0,107.0,3
1700241692,2715.0,550.0,3630.0,107.0,3
1700241692,2595.0,562.0,3630.0,107.0,3
1700241692,2597.0,584.0,3630.0,107.0,3
1700241692,2593.0,580.0,3630.0,107.0,3
1700241692,2589.0,568.0,3630.0,107.0,3
1700241692,2587.0,562.0,3630.0,107.0,3
1700241692,2591.0,555.0,3630.0,107.0,3
1700241692,2603.0,515.0,3630.0,107.0,3
1700241692,2638.0,366.0,3630.0,107.0,3
1700241692,2674.0,233.0,3630.0,107.0,3
1700241692,2694.0,161.0,3630.0,107.0,3
1700241692,2705.0,127.0,3630.0,107.0,3
1700241692,2710.0,112.0,3630.0,107.0,3
1700241692,2712.0,106.0,3630.0,107.0,3
1700241692,2712.0,103.0,3630.0,107.0,3
1700241692,2713.0,103.0,3630.0,107.0,3
1700241692,2717.0,103.0,3614.0,106.0,3
1700241692,2718.0,103.0,3565.0,105.0,3
1700241692,2718.0,102.0,3449.0,105.0,3
1700241692,2705.0,101.0,3267.0,111.0,3
1700241692,2692.0,100.0,3105.0,179.0,3
1700241692,2682.0,97.0,3004.0,264.0,3
1700241692,2668.0,113.0,2912.0,383.0,3
1700241692,2625.0,223.0,2845.0,496.0,3
1700241692,2546.0,530.0,2793.0,578.0,3
1700241692,2488.0,832.0,2750.0,651.0,3
1700241692,2456.0,976.0,2727.0,684.0,3
1700241692,2446.0,1025.0,2734.0,665.0,3
1700241692,2447.0,1036.0,2755.0,631.0,3
1700241692,2452.0,1026.0,2755.0,631.0,3
1700241692,2368.0,958.0,2703.0,954.0,3
1700241692,2367.0,958.0,2703.0,954.0,3
1700241692,2367.0,958.0,2714.0,945.0,3
1700241692,2366.0,957.0,2720.0,926.0,3
1700241692,2366.0,957.0,2730.0,908.0,3
1700241692,2366.0,956.0,2730.0,908.0,3
1700241692,2367.0,956.0,2730.0,908.0,3
1700241692,2367.0,956.0,2730.0,908.0,3
1700241692,2368.0,956.0,2730.0,908.0,3
1700241692,2369.0,957.0,2730.0,908.0,3
1700241692,2369.0,956.0,2730.0,908.0,3
1700241692,2370.0,956.0,2730.0,908.0,3
1700241692,2371.0,956.0,2730.0,908.0,3
1700241692,2372.0,956.0,2730.0,910.0,3
1700241692,2372.0,956.0,2730.0,912.0,3
1700241692,2373.0,957.0,2729.0,915.0,3
1700241692,2374.0,957.0,2727.0,918.0,3
1700241692,2375.0,958.0,2725.0,921.0,3
1700241692,2376.0,958.0,2725.0,921.0,3
1700241692,2376.0,959.0,2724.0,922.0,3
1700241692,2378.0,959.0,2724.0,923.0,3
1700241692,2381.0,959.0,2729.0,910.0,3
1700241692,2383.0,959.0,2732.0,906.0,3
1700241692,2386.0,960.0,2732.0,906.0,3
1700241692,2390.0,961.0,2732.0,906.0,3
1700241692,2393.0,961.0,2739.0,907.0,3
1700241692,2395.0,960.0,2756.0,904.0,3
1700241692,2396.0,961.0,2769.0,897.0,3
1700241692,2398.0,961.0,2772.0,892.0,3
1700241692,2400.0,961.0,2772.0,892.0,3
1700241692,2402.0,961.0,2772.0,892.0,3
1700241692,2403.0,961.0,2770.0,891.0,3
1700241692,2404.0,961.0,2750.0,889.0,3
1700241692,2404.0,961.0,2726.0,882.0,3
1700241692,2405.0,961.0,2714.0,878.0,3
1700241692,2441.0,964.0,2710.0,875.0,3
1700241692,2556.0,979.0,2710.0,875.0,3
1700241692,2658.0,1001.0,2708.0,875.0,3
1700241692,2733.0,1014.0,2708.0,910.0,3
1700241692,2777.0,1021.0,2740.0,941.0,3
1700241692,2800.0,1025.0,2814.0,963.0,3
1700241692,2813.0,1027.0,2843.0,975.0,3
1700241692,2823.0,1029.0,2854.0,985.0,3
1700241692,2827.0,1031.0,2849.0,1003.0,3
1700241692,2829.0,1031.0,2849.0,1025.0,3
1700241692,2829.0,1033.0,2850.0,1028.0,3
1700241692,2831.0,1033.0,2850.0,1036.0,3
1700241692,2834.0,1034.0,2856.0,1053.0,3
1700241692,2835.0,1035.0,2861.0,1061.0,3
1700241692,2835.0,1036.0,2863.0,1062.0,3
1700241692,2837.0,1037.0,2868.0,1064.0,3
1700241692,2837.0,1037.0,2872.0,1067.0,3
1700241692,2834.0,1036.0,2873.0,1067.0,3
1700241692,2774.0,1012.0,2875.0,1068.0,3
1700241692,2512.0,908.0,2875.0,1068.0,0
1700241692,1068.0,310.0,2875.0,1068.0,3
1700241692,1042.0,305.0,2875.0,1068.0,3
1700241692,1018.0,314.0,2875.0,1068.0,3
1700241692,999.0,320.0,2875.0,1068.0,3
1700241692,977.0,327.0,2875.0,1068.0,3
1700241692,974.0,338.0,2875.0,1068.0,3
1700241692,972.0,361.0,2875.0,1068.0,3
1700241692,969.0,381.0,2875.0,1068.0,3
1700241692,970.0,400.0,2875.0,1068.0,3
1700241692,968.0,414.0,2875.0,1068.0,3
1700241692,966.0,429.0,2875.0,1068.0,3
1700241692,1013.0,374.0,2875.0,1068.0,3
1700241692,969.0,441.0,2875.0,1068.0,3
1700241692,1025.0,436.0,2875.0,1068.0,3
1700241692,1241.0,445.0,2875.0,1068.0,3
1700241692,1606.0,448.0,2875.0,1068.0,0
1700241692,2001.0,509.0,2875.0,1068.0,0
1700241693,2141.0,523.0,2875.0,1068.0,0
1700241693,2138.0,519.0,2050.0,446.0,3
1700241693,2136.0,513.0,2050.0,446.0,3
1700241693,2130.0,499.0,2050.0,446.0,3
1700241693,2120.0,488.0,2050.0,446.0,3
1700241693,2107.0,474.0,2050.0,446.0,3
1700241693,2095.0,459.0,2050.0,446.0,3
1700241693,2089.0,448.0,2050.0,446.0,3
1700241693,2084.0,435.0,2050.0,446.0,3
1700241693,2077.0,432.0,2050.0,446.0,3
1700241693,2072.0,429.0,2050.0,446.0,3
1700241693,2067.0,431.0,2050.0,446.0,3
1700241693,2062.0,430.0,2050.0,446.0,3
1700241693,2061.0,430.0,2050.0,446.0,3
1700241693,2061.0,428.0,2050.0,446.0,3
1700241693,2058.0,428.0,2050.0,446.0,3
1700241693,2056.0,430.0,2050.0,446.0,3
1700241693,2052.0,430.0,2050.0,446.0,3
1700241693,2050.0,433.0,2050.0,446.0,3
1700241693,2044.0,445.0,2050.0,446.0,3
1700241693,2044.0,449.0,2050.0,446.0,3
1700241693,2044.0,452.0,2050.0,446.0,3
1700241693,2044.0,454.0,2050.0,446.0,3
1700241693,2044.0,455.0,2050.0,446.0,3
1700241693,2042.0,454.0,2050.0,446.0,3
1700241693,2042.0,452.0,2050.0,446.0,3
1700241693,2041.0,450.0,2050.0,446.0,3
1700241693,2038.0,441.0,2050.0,446.0,3
1700241693,2034.0,432.0,2050.0,446.0,3
1700241693,2030.0,423.0,2050.0,446.0,3
1700241693,2025.0,413.0,2050.0,446.0,3
1700241693,2020.0,407.0,2050.0,446.0,3
1700241693,2018.0,397.0,2050.0,446.0,3
1700241693,2020.0,388.0,2050.0,446.0,3
1700241693,2021.0,382.0,2050.0,446.0,3
1700241693,2022.0,380.0,2050.0,446.0,3
1700241693,2022.0,378.0,2050.0,446.0,3
1700241693,2025.0,384.0,2050.0,446.0,3
1700241693,2027.0,391.0,2050.0,446.0,3
1700241693,2031.0,404.0,2050.0,446.0,3
1700241693,2033.0,416.0,2050.0,446.0,3
1700241693,2034.0,418.0,2050.0,446.0,3
1700241693,2032.0,419.0,2050.0,446.0,3
1700241693,2031.0,420.0,2050.0,446.0,3
1700241693,2031.0,421.0,2050.0,446.0,3
1700241693,2032.0,422.0,2050.0,446.0,3
1700241693,2032.0,422.0,2050.0,446.0,3
1700241693,2032.0,423.0,2051.0,447.0,3
1700241693,2031.0,424.0,2051.0,447.0,3
1700241693,2031.0,426.0,2051.0,447.0,3
1700241693,2031.0,426.0,2051.0,447.0,3
1700241693,2031.0,427.0,2051.0,447.0,0
1700241693,2030.0,427.0,2051.0,447.0,0
1700241693,2029.0,427.0,2051.0,447.0,0
1700241693,2028.0,426.0,2051.0,447.0,3
1700241693,2027.0,425.0,2052.0,450.0,3
1700241693,2026.0,423.0,2052.0,459.0,3
1700241693,2025.0,420.0,2057.0,464.0,3
1700241693,2025.0,420.0,2058.0,464.0,3
1700241693,2024.0,420.0,2058.0,464.0,3
1700241693,2023.0,420.0,2058.0,464.0,3
1700241693,2021.0,421.0,2058.0,464.0,3
1700241693,2020.0,421.0,2058.0,464.0,3
1700241693,2020.0,422.0,2072.0,469.0,3
1700241693,2020.0,423.0,2093.0,473.0,3
1700241693,2020.0,424.0,2098.0,476.0,3
1700241693,2020.0,425.0,2098.0,476.0,3
1700241693,2021.0,426.0,2098.0,486.0,3
1700241693,2021.0,427.0,2091.0,499.0,3
1700241693,2020.0,429.0,2078.0,506.0,3
1700241693,2019.0,431.0,2073.0,508.0,3
1700241693,2018.0,434.0,2073.0,508.0,3
1700241693,2019.0,435.0,2073.0,508.0,3
1700241693,2019.0,436.0,2073.0,508.0,3
1700241693,2009.0,557.0,2104.0,585.0,3
1700241693,2011.0,552.0,2103.0,584.0,3
1700241693,2013.0,541.0,2101.0,581.0,3
1700241693,2015.0,528.0,2098.0,579.0,3
1700241693,2020.0,518.0,2093.0,575.0,3
1700241693,2026.0,510.0,2089.0,573.0,3
1700241693,2026.0,501.0,2087.0,572.0,3
1700241693,2025.0,494.0,2086.0,571.0,3
1700241693,2025.0,492.0,2086.0,571.0,3
1700241693,2027.0,491.0,2086.0,571.0,3
1700241693,2029.0,489.0,2086.0,570.0,3
1700241693,2030.0,486.0,2086.0,570.0,0
1700241693,2031.0,484.0,2085.0,569.0,0
1700241693,2030.0,485.0,2085.0,569.0,0
1700241693,2030.0,485.0,2085.0,569.0,0
1700241693,2029.0,485.0,2085.0,569.0,3
1700241693,2028.0,485.0,2085.0,569.0,3
1700241693,2027.0,485.0,2085.0,569.0,3
1700241693,2026.0,485.0,2085.0,569.0,3
1700241693,2026.0,486.0,2085.0,569.0,3
1700241693,2026.0,487.0,2085.0,569.0,3
1700241693,2025.0,487.0,2085.0,569.0,3
1700241693,2025.0,487.0,2085.0,569.0,3
1700241693,2026.0,486.0,2085.0,569.0,3
1700241693,2026.0,486.0,2085.0,569.0,3
1700241693,2027.0,487.0,2085.0,569.0,3
1700241693,2028.0,488.0,2085.0,569.0,3
1700241693,2029.0,489.0,2088.0,577.0,3
1700241693,2031.0,490.0,2090.0,584.0,3
1700241693,2032.0,491.0,2090.0,586.0,3
1700241693,2033.0,492.0,2090.0,587.0,3
1700241693,2035.0,495.0,2086.0,589.0,3
1700241693,2038.0,501.0,2081.0,594.0,3
1700241693,2040.0,506.0,2076.0,601.0,3
1700241693,2042.0,510.0,2076.0,608.0,3
1700241693,2043.0,515.0,2075.0,615.0,3
1700241693,2045.0,516.0,2075.0,618.0,3
1700241693,2046.0,515.0,2075.0,620.0,3
1700241693,2047.0,516.0,2077.0,623.0,3
1700241693,2046.0,518.0,2078.0,624.0,3
1700241693,2044.0,521.0,2078.0,625.0,3
1700241693,2044.0,525.0,2079.0,626.0,3
1700241693,2043.0,528.0,2080.0,627.0,3
1700241693,2042.0,531.0,2081.0,628.0,3
1700241693,2044.0,534.0,2081.0,628.0,3
1700241693,2046.0,537.0,2081.0,628.0,3
1700241693,2047.0,542.0,2081.0,628.0,3
1700241693,2048.0,546.0,2081.0,628.0,0
1700241693,2051.0,547.0,2081.0,628.0,0
1700241693,2055.0,549.0,2081.0,628.0,0
1700241693,2059.0,548.0,2081.0,628.0,0
1700241693,2061.0,549.0,2081.0,628.0,3
1700241693,2062.0,551.0,2081.0,628.0,3
1700241693,2062.0,550.0,2082.0,628.0,3
1700241693,2062.0,551.0,2091.0,631.0,3
1700241693,2062.0,552.0,2103.0,634.0,3
1700241693,2063.0,554.0,2112.0,637.0,3
1700241693,2063.0,555.0,2112.0,637.0,3
1700241693,2063.0,557.0,2113.0,638.0,3
1700241693,2064.0,558.0,2115.0,651.0,3
1700241693,2063.0,560.0,2117.0,662.0,3
1700241693,2062.0,564.0,2117.0,673.0,3
1700241693,2061.0,566.0,2110.0,680.0,3
1700241693,2061.0,574.0,2093.0,691.0,3
1700241693,2060.0,587.0,2086.0,698.0,3
1700241693,2058.0,601.0,2086.0,703.0,3
1700241693,2058.0,614.0,2086.0,707.0,3
1700241693,2057.0,622.0,2086.0,708.0,3
1700241693,2056.0,629.0,2086.0,711.0,3
1700241693,2055.0,634.0,2086.0,713.0,3
1700241693,2055.0,640.0,2087.0,716.0,3
1700241693,2054.0,644.0,2087.0,716.0,3
1700241693,2053.0,644.0,2087.0,716.0,3
1700241693,2051.0,645.0,2087.0,716.0,3
1700241693,2044.0,875.0,2094.0,745.0,3
1700241693,2130.0,824.0,2094.0,745.0,3
1700241693,2042.0,870.0,2094.0,745.0,3
1700241693,2054.0,874.0,2094.0,745.0,3
1700241693,2756.0,191.0,2051.0,718.0,3
1700241693,2772.0,185.0,2051.0,718.0,3
1700241693,2795.0,177.0,2051.0,718.0,3
1700241693,2812.0,169.0,2051.0,718.0,3
1700241693,2826.0,161.0,2051.0,718.0,3
1700241693,2842.0,158.0,2047.0,712.0,3
1700241693,2851.0,157.0,2030.0,700.0,3
1700241693,2862.0,156.0,2016.0,693.0,3
1700241693,2871.0,163.0,2008.0,693.0,3
1700241693,2878.0,170.0,2004.0,698.0,3
1700241693,2883.0,174.0,2002.0,700.0,3
1700241693,2886.0,177.0,2001.0,702.0,3
1700241693,2888.0,178.0,2000.0,703.0,3
1700241693,2889.0,175.0,2000.0,705.0,3
1700241693,2888.0,174.0,2000.0,706.0,3
1700241693,2889.0,174.0,2000.0,707.0,3
1700241693,2889.0,177.0,2001.0,709.0,3
1700241693,2888.0,177.0,2002.0,709.0,3
1700241693,2887.0,178.0,2002.0,709.0,3
1700241693,2886.0,177.0,2002.0,709.0,3
1700241693,2884.0,176.0,2002.0,709.0,3
1700241693,2883.0,175.0,2002.0,709.0,3
1700241693,2881.0,173.0,2002.0,709.0,3
1700241693,2879.0,174.0,2002.0,709.0,3
1700241693,2877.0,174.0,2002.0,709.0,3
1700241693,2873.0,174.0,2002.0,709.0,3
1700241693,2869.0,176.0,2002.0,709.0,3
1700241693,2867.0,177.0,2002.0,709.0,3
1700241693,2863.0,178.0,2002.0,709.0,3
1700241693,2861.0,177.0,2002.0,709.0,3
1700241693,2859.0,175.0,2002.0,709.0,3
1700241693,2847.0,176.0,2002.0,709.0,3
1700241693,2778.0,197.0,2002.0,709.0,3
1700241693,2655.0,265.0,2002.0,709.0,3
1700241693,2509.0,447.0,2002.0,709.0,3
1700241693,2453.0,733.0,2002.0,709.0,3
1700241693,2429.0,904.0,2002.0,709.0,3
1700241693,2464.0,990.0,2002.0,709.0,3
1700241693,2492.0,1082.0,2002.0,709.0,3
1700241693,2363.0,1094.0,2002.0,709.0,3
1700241693,2370.0,1213.0,2002.0,709.0,3
1700241693,2363.0,1180.0,2002.0,709.0,3
1700241693,2369.0,1094.0,2002.0,709.0,3
1700241693,2311.0,1073.0,2032.0,740.0,3
1700241693,2293.0,356.0,2266.0,249.0,3
1700241693,2290.0,297.0,2266.0,249.0,3
1700241693,2283.0,224.0,2266.0,249.0,3
1700241693,2279.0,172.0,2266.0,249.0,3
1700241693,2276.0,136.0,2252.0,239.0,3
1700241693,2272.0,117.0,2239.0,201.0,3
1700241693,2270.0,103.0,2239.0,139.0,3
1700241693,2270.0,94.0,2255.0,109.0,3
1700241693,2268.0,89.0,2273.0,100.0,3
1700241693,2267.0,85.0,2293.0,93.0,3
1700241693,2269.0,82.0,2311.0,91.0,3
1700241693,2272.0,79.0,2329.0,91.0,3
1700241693,2275.0,78.0,2333.0,90.0,3
1700241693,2278.0,77.0,2333.0,90.0,3
1700241693,2279.0,77.0,2334.0,89.0,3
1700241693,2281.0,77.0,2331.0,87.0,3
1700241693,2283.0,77.0,2326.0,85.0,3
1700241693,2284.0,78.0,2319.0,82.0,3
1700241693,2285.0,78.0,2315.0,81.0,3
1700241693,2285.0,79.0,2315.0,81.0,3
1700241693,2286.0,79.0,2313.0,81.0,3
1700241693,2288.0,80.0,2313.0,81.0,3
1700241693,2290.0,82.0,2313.0,81.0,3
1700241693,2292.0,84.0,2313.0,81.0,3
1700241693,2294.0,86.0,2313.0,81.0,3
1700241693,2287.0,96.0,2313.0,81.0,3
1700241693,2226.0,202.0,2313.0,81.0,0
1700241693,2129.0,433.0,2313.0,81.0,0
1700241693,2075.0,578.0,2313.0,81.0,0
1700241693,2045.0,642.0,2313.0,81.0,3
1700241693,2028.0,673.0,2313.0,81.0,3
1700241693,2024.0,687.0,2313.0,81.0,3
1700241693,2025.0,690.0,2313.0,81.0,3
1700241693,2027.0,692.0,2313.0,81.0,3
1700241693,2025.0,691.0,2313.0,81.0,3
1700241693,2025.0,689.0,2313.0,81.0,3
1700241693,2024.0,687.0,2313.0,81.0,3
1700241693,2023.0,687.0,2313.0,81.0,3
1700241693,2023.0,689.0,2313.0,81.0,3
1700241693,2023.0,691.0,2313.0,81.0,3
1700241693,2023.0,692.0,2312.0,82.0,3
1700241693,2024.0,691.0,2306.0,88.0,3
1700241693,2027.0,693.0,2300.0,107.0,3
1700241693,2031.0,696.0,2297.0,189.0,3
1700241693,2035.0,698.0,2295.0,352.0,3
1700241693,2038.0,700.0,2270.0,511.0,3
1700241693,2040.0,701.0,2235.0,607.0,3
1700241693,2042.0,701.0,2217.0,637.0,3
1700241693,2044.0,703.0,2215.0,641.0,3
1700241693,2046.0,704.0,2215.0,641.0,3
1700241693,2048.0,707.0,2201.0,644.0,3
1700241693,2052.0,710.0,2178.0,654.0,3
1700241693,2056.0,715.0,2157.0,668.0,3
1700241693,2062.0,719.0,2140.0,682.0,3
1700241693,2065.0,723.0,2127.0,704.0,3
1700241693,2068.0,726.0,2117.0,731.0,3
1700241693,2069.0,729.0,2106.0,757.0,3
1700241693,2071.0,731.0,2099.0,776.0,3
1700241693,2072.0,733.0,2096.0,783.0,3
1700241693,2073.0,735.0,2093.0,791.0,3
1700241693,2076.0,736.0,2091.0,793.0,3
1700241693,2078.0,738.0,2091.0,793.0,3
1700241693,2080.0,739.0,2091.0,793.0,3
1700241693,2080.0,740.0,2091.0,793.0,3
1700241693,2081.0,741.0,2091.0,793.0,3
1700241693,2082.0,742.0,2091.0,792.0,3
1700241693,2082.0,742.0,2091.0,790.0,3
1700241693,2082.0,742.0,2091.0,787.0,3
1700241693,2082.0,743.0,2091.0,785.0,3
1700241693,2082.0,743.0,2091.0,784.0,3
1700241693,2081.0,743.0,2091.0,784.0,3
1700241693,2082.0,741.0,2091.0,784.0,0
1700241693,2122.0,686.0,2091.0,784.0,0
1700241693,2295.0,455.0,2091.0,784.0,0
1700241693,2479.0,249.0,2091.0,784.0,3
1700241693,2571.0,155.0,2091.0,784.0,3
1700241693,2601.0,123.0,2091.0,784.0,3
1700241693,2621.0,109.0,2091.0,784.0,3
1700241693,2628.0,106.0,2091.0,784.0,3
1700241693,2634.0,107.0,2091.0,784.0,3
1700241693,2633.0,105.0,2091.0,784.0,3
1700241693,2633.0,103.0,2092.0,786.0,3
1700241693,2633.0,102.0,2092.0,791.0,3
1700241693,2634.0,102.0,2092.0,793.0,3
1700241693,2682.0,105.0,2092.0,795.0,3
1700241693,2774.0,112.0,2093.0,797.0,3
1700241693,2860.0,119.0,2093.0,797.0,3
1700241693,2924.0,123.0,2093.0,797.0,3
1700241693,2963.0,124.0,2093.0,797.0,3
1700241693,2988.0,122.0,2093.0,797.0,3
1700241693,3004.0,122.0,2093.0,797.0,3
1700241693,3012.0,119.0,2093.0,797.0,3
1700241693,3018.0,119.0,2093.0,797.0,3
1700241693,3036.0,116.0,2093.0,797.0,3
1700241693,3052.0,114.0,2093.0,797.0,3
1700241693,3065.0,113.0,2093.0,797.0,3
1700241693,3074.0,111.0,2093.0,797.0,3
1700241693,3083.0,110.0,2093.0,797.0,3
1700241693,3087.0,109.0,2093.0,797.0,3
1700241693,3089.0,110.0,2093.0,797.0,3
1700241693,3091.0,110.0,2093.0,797.0,3
1700241693,3092.0,112.0,2093.0,797.0,3
1700241693,3094.0,113.0,2093.0,797.0,3
1700241693,3088.0,117.0,2093.0,797.0,3
1700241693,3016.0,150.0,2093.0,797.0,3
1700241693,2729.0,310.0,2093.0,797.0,3
1700241693,2371.0,555.0,2093.0,800.0,3
1700241693,2188.0,702.0,2094.0,802.0,3
1700241693,2127.0,753.0,2095.0,805.0,3
1700241693,2104.0,767.0,2095.0,806.0,3
1700241693,2095.0,774.0,2096.0,808.0,3
1700241693,2093.0,780.0,2096.0,808.0,3
1700241693,2092.0,780.0,2096.0,808.0,3
1700241693,2090.0,781.0,2096.0,808.0,3
1700241693,2090.0,782.0,2096.0,808.0,3
1700241693,2091.0,785.0,2096.0,808.0,3
1700241693,2088.0,787.0,2096.0,808.0,3
1700241693,2089.0,789.0,2096.0,808.0,3
1700241693,2090.0,792.0,2096.0,808.0,3
1700241693,2091.0,795.0,2096.0,808.0,0
1700241693,2091.0,796.0,2096.0,808.0,0
1700241693,2091.0,797.0,2096.0,808.0,0
1700241693,2092.0,798.0,2096.0,808.0,3
1700241693,2092.0,798.0,2096.0,808.0,3
1700241693,2092.0,799.0,2096.0,808.0,3
1700241693,2092.0,800.0,2096.0,808.0,3
1700241693,2092.0,800.0,2096.0,808.0,3
1700241693,2092.0,801.0,2096.0,808.0,3
1700241693,2093.0,801.0,2096.0,808.0,3
1700241693,2093.0,801.0,2096.0,808.0,3
1700241693,2094.0,802.0,2097.0,805.0,3
1700241693,2121.0,763.0,2095.0,800.0,3
1700241693,2272.0,575.0,2094.0,796.0,3
1700241693,2441.0,365.0,2091.0,793.0,3
1700241693,2525.0,261.0,2091.0,792.0,3
1700241693,2561.0,215.0,2091.0,791.0,3
1700241693,2577.0,198.0,2091.0,791.0,3
1700241693,2582.0,184.0,2091.0,791.0,3
1700241693,2603.0,177.0,2090.0,790.0,3
1700241693,2646.0,168.0,2090.0,790.0,3
1700241693,2648.0,162.0,2090.0,790.0,3
1700241693,2666.0,158.0,2090.0,790.0,3
1700241693,2392.0,948.0,2090.0,790.0,3
1700241693,2567.0,368.0,2589.0,153.0,3
1700241693,2577.0,319.0,2660.0,221.0,3
1700241693,2584.0,268.0,2721.0,259.0,3
1700241693,2585.0,234.0,2741.0,273.0,3
1700241693,2582.0,211.0,2745.0,277.0,3
1700241693,2577.0,197.0,2746.0,277.0,3
1700241693,2569.0,187.0,2746.0,277.0,3
1700241693,2546.0,186.0,2746.0,277.0,0
1700241693,2467.0,225.0,2746.0,277.0,0
1700241693,2288.0,314.0,2746.0,277.0,0
1700241693,3024.0,310.0,2746.0,277.0,3
1700241693,3047.0,307.0,2746.0,277.0,3
1700241693,3082.0,299.0,2746.0,277.0,3
1700241693,3120.0,287.0,2746.0,277.0,3
1700241693,3121.0,283.0,2746.0,277.0,3
1700241693,3080.0,296.0,2746.0,277.0,3
1700241693,2968.0,339.0,2746.0,277.0,3
1700241693,2837.0,384.0,2746.0,277.0,3
1700241693,2750.0,413.0,2746.0,277.0,3
1700241693,2696.0,425.0,2746.0,277.0,3
1700241693,2663.0,433.0,2746.0,277.0,3
1700241693,2642.0,435.0,2746.0,277.0,3
1700241693,2630.0,432.0,2746.0,277.0,3
1700241693,2621.0,431.0,2746.0,277.0,3
1700241693,2613.0,432.0,2746.0,277.0,3
1700241693,2607.0,432.0,2746.0,277.0,3
1700241693,2602.0,431.0,2746.0,277.0,3
1700241693,2605.0,429.0,2746.0,277.0,3
1700241693,2610.0,428.0,2746.0,277.0,3
1700241693,2612.0,427.0,2746.0,277.0,3
1700241693,2614.0,426.0,2746.0,277.0,3
1700241693,2615.0,425.0,2746.0,277.0,3
1700241693,2616.0,423.0,2746.0,277.0,3
1700241693,2618.0,422.0,2746.0,277.0,3
1700241693,2656.0,430.0,2746.0,277.0,3
1700241693,3066.0,146.0,2754.0,279.0,3
1700241693,3120.0,116.0,2754.0,279.0,3
1700241693,3181.0,89.0,2754.0,279.0,3
1700241693,3253.0,79.0,2754.0,279.0,3
1700241693,3306.0,75.0,2754.0,279.0,3
1700241693,3336.0,77.0,2754.0,279.0,3
1700241693,3355.0,81.0,2754.0,279.0,3
1700241693,3365.0,83.0,2754.0,279.0,3
1700241693,3362.0,88.0,2754.0,279.0,3
1700241693,3354.0,91.0,2754.0,279.0,3
1700241693,3349.0,93.0,2754.0,279.0,3
1700241693,3346.0,95.0,2754.0,279.0,3
1700241693,3345.0,97.0,2754.0,279.0,3
1700241693,3344.0,99.0,2754.0,279.0,3
1700241693,3342.0,100.0,2754.0,279.0,3
1700241693,3341.0,103.0,2754.0,279.0,3
1700241693,3339.0,105.0,2754.0,279.0,3
1700241693,3337.0,108.0,2754.0,279.0,3
1700241693,3336.0,110.0,2754.0,279.0,3
1700241693,3336.0,112.0,2754.0,279.0,3
1700241693,3299.0,135.0,2754.0,279.0,3
1700241693,3086.0,302.0,2754.0,279.0,3
1700241694,2746.0,633.0,2754.0,279.0,3
1700241694,2542.0,859.0,2754.0,279.0,3
1700241694,2470.0,941.0,2754.0,279.0,3
1700241694,2450.0,973.0,2754.0,279.0,3
1700241694,2446.0,984.0,2754.0,279.0,3
1700241694,2441.0,986.0,2754.0,279.0,3
1700241694,2436.0,980.0,2754.0,279.0,3
1700241694,2434.0,975.0,2754.0,279.0,3
1700241694,2423.0,973.0,2754.0,279.0,3
1700241694,2412.0,971.0,2754.0,279.0,3
1700241694,2401.0,970.0,2754.0,279.0,3
1700241694,2398.0,969.0,2754.0,279.0,3
1700241694,2398.0,969.0,2754.0,279.0,3
1700241694,2442.0,922.0,2754.0,279.0,3
1700241694,2718.0,623.0,2754.0,279.0,3
1700241694,3029.0,330.0,2754.0,279.0,3
1700241694,3176.0,202.0,2754.0,279.0,3
1700241694,3222.0,163.0,2754.0,279.0,3
1700241694,3240.0,147.0,2754.0,279.0,3
1700241694,3244.0,145.0,2754.0,279.0,3
1700241694,3248.0,141.0,2754.0,279.0,3
1700241694,3248.0,143.0,2754.0,279.0,3
1700241694,3252.0,142.0,2754.0,279.0,3
1700241694,3264.0,142.0,2754.0,279.0,3
1700241694,3275.0,141.0,2754.0,279.0,3
1700241694,3282.0,141.0,2754.0,279.0,3
1700241694,3286.0,141.0,2754.0,279.0,3
1700241694,3288.0,141.0,2754.0,279.0,3
1700241694,3290.0,140.0,2769.0,282.0,3
1700241694,3292.0,140.0,2799.0,280.0,3
1700241694,3293.0,140.0,2802.0,279.0,3
1700241694,3294.0,141.0,2802.0,279.0,3
1700241694,3294.0,142.0,2802.0,279.0,3
1700241694,3291.0,143.0,2802.0,279.0,3
1700241694,3238.0,165.0,2801.0,279.0,3
1700241694,3051.0,249.0,2795.0,295.0,3
1700241694,2905.0,321.0,2805.0,301.0,3
1700241694,2823.0,360.0,2829.0,301.0,3
1700241694,2781.0,380.0,2918.0,301.0,3
1700241694,2764.0,389.0,3048.0,291.0,3
1700241694,2755.0,393.0,3157.0,278.0,3
1700241694,2749.0,398.0,3213.0,267.0,3
1700241694,2747.0,400.0,3219.0,263.0,3
1700241694,2747.0,394.0,3211.0,249.0,3
1700241694,2756.0,352.0,3155.0,239.0,3
1700241694,2766.0,273.0,3021.0,226.0,3
1700241694,2775.0,198.0,2881.0,214.0,3
1700241694,2785.0,149.0,2714.0,189.0,3
1700241694,2791.0,121.0,2656.0,178.0,3
1700241694,2795.0,108.0,2658.0,170.0,3
1700241694,2799.0,101.0,2662.0,155.0,3
1700241694,2799.0,96.0,2662.0,144.0,3
1700241694,2775.0,97.0,2652.0,128.0,3
1700241694,2739.0,95.0,2649.0,119.0,3
1700241694,2714.0,94.0,2652.0,104.0,3
1700241694,2696.0,93.0,2655.0,91.0,3
1700241694,2683.0,92.0,2655.0,80.0,3
1700241694,2674.0,91.0,2647.0,71.0,3
1700241694,2668.0,89.0,2641.0,68.0,3
1700241694,2662.0,88.0,2641.0,67.0,3
1700241694,2660.0,85.0,2641.0,67.0,3
1700241694,2659.0,84.0,2643.0,63.0,3
1700241694,2658.0,82.0,2649.0,58.0,3
1700241694,2658.0,81.0,2656.0,54.0,3
1700241694,2657.0,80.0,2661.0,51.0,3
1700241694,2657.0,80.0,2663.0,49.0,3
1700241694,2658.0,80.0,2663.0,49.0,3
1700241694,2661.0,80.0,2663.0,49.0,3
1700241694,2727.0,88.0,2663.0,49.0,3
1700241694,2946.0,112.0,2663.0,49.0,0
1700241694,3135.0,136.0,2663.0,49.0,0
1700241694,3244.0,150.0,2663.0,49.0,0
1700241694,3297.0,159.0,2663.0,49.0,3
1700241694,3322.0,164.0,2663.0,49.0,3
1700241694,3335.0,168.0,2663.0,49.0,3
1700241694,3341.0,169.0,2663.0,49.0,3
1700241694,3343.0,171.0,2663.0,49.0,3
1700241694,3346.0,173.0,2663.0,49.0,3
1700241694,3346.0,174.0,2663.0,49.0,3
1700241694,3345.0,175.0,2663.0,49.0,3
1700241694,3346.0,177.0,2663.0,49.0,3
1700241694,3363.0,174.0,2663.0,49.0,3
1700241694,3384.0,170.0,2663.0,49.0,3
1700241694,3403.0,166.0,2663.0,49.0,3
1700241694,3419.0,160.0,2663.0,49.0,3
1700241694,3405.0,156.0,2663.0,49.0,3
1700241694,3331.0,148.0,2676.0,51.0,3
1700241694,3055.0,128.0,2696.0,58.0,3
1700241694,2802.0,113.0,2704.0,64.0,3
1700241694,2671.0,103.0,2709.0,67.0,3
1700241694,2613.0,96.0,2709.0,67.0,3
1700241694,2583.0,90.0,2709.0,67.0,3
1700241694,2569.0,85.0,2709.0,67.0,3
1700241694,2568.0,81.0,2712.0,67.0,3
1700241694,2603.0,77.0,2716.0,65.0,3
1700241694,2628.0,73.0,2718.0,63.0,3
1700241694,2643.0,71.0,2719.0,61.0,3
1700241694,2652.0,71.0,2720.0,60.0,3
1700241694,2659.0,70.0,2720.0,60.0,3
1700241694,2665.0,70.0,2722.0,58.0,3
1700241694,2672.0,71.0,2722.0,58.0,3
1700241694,2678.0,72.0,2723.0,58.0,3
1700241694,2685.0,74.0,2726.0,58.0,3
1700241694,2690.0,75.0,2728.0,57.0,3
1700241694,2695.0,77.0,2728.0,57.0,3
1700241694,2699.0,78.0,2727.0,56.0,3
1700241694,2704.0,79.0,2722.0,57.0,3
1700241694,2706.0,80.0,2716.0,57.0,3
1700241694,2709.0,82.0,2715.0,57.0,3
1700241694,2712.0,82.0,2715.0,57.0,3
1700241694,2717.0,82.0,2715.0,57.0,3
1700241694,2728.0,82.0,2715.0,57.0,0
1700241694,2739.0,82.0,2715.0,57.0,0
1700241694,2749.0,81.0,2715.0,57.0,0
1700241694,2756.0,81.0,2715.0,57.0,3
1700241694,2763.0,81.0,2715.0,57.0,3
1700241694,2768.0,82.0,2715.0,57.0,3
1700241694,2771.0,82.0,2710.0,57.0,3
1700241694,2774.0,82.0,2697.0,59.0,3
1700241694,2777.0,81.0,2687.0,64.0,3
1700241694,2770.0,82.0,2684.0,67.0,3
1700241694,2763.0,82.0,2682.0,67.0,3
1700241694,2750.0,81.0,2677.0,67.0,3
1700241694,2733.0,81.0,2673.0,67.0,3
1700241694,2718.0,81.0,2668.0,67.0,3
1700241694,2704.0,80.0,2659.0,64.0,3
1700241694,2694.0,79.0,2655.0,63.0,3
1700241694,2685.0,77.0,2654.0,62.0,3
1700241694,2678.0,77.0,2653.0,60.0,3
1700241694,2672.0,76.0,2651.0,60.0,3
1700241694,2668.0,75.0,2651.0,60.0,3
1700241694,2687.0,92.0,2651.0,60.0,3
1700241694,2820.0,81.0,2944.0,66.0,3
1700241694,2833.0,81.0,2959.0,66.0,3
1700241694,2852.0,81.0,2962.0,65.0,3
1700241694,2872.0,81.0,2962.0,65.0,3
1700241694,2890.0,80.0,2964.0,64.0,3
1700241694,2905.0,78.0,2964.0,64.0,3
1700241694,2917.0,77.0,2966.0,63.0,3
1700241694,2926.0,76.0,2967.0,62.0,3
1700241694,2932.0,74.0,2967.0,62.0,3
1700241694,2938.0,74.0,2967.0,62.0,3
1700241694,2941.0,73.0,2967.0,62.0,3
1700241694,2944.0,72.0,2967.0,62.0,3
1700241694,2947.0,71.0,2967.0,62.0,3
1700241694,2949.0,70.0,2967.0,62.0,3
1700241694,2951.0,68.0,2967.0,62.0,3
1700241694,2952.0,67.0,2967.0,62.0,3
1700241694,2963.0,66.0,2967.0,62.0,3
1700241694,2987.0,66.0,2967.0,62.0,3
1700241694,3011.0,66.0,2967.0,62.0,3
1700241694,3030.0,67.0,2967.0,62.0,3
1700241694,3046.0,68.0,2968.0,61.0,3
1700241694,3058.0,69.0,2977.0,61.0,3
1700241694,3067.0,70.0,2989.0,61.0,3
1700241694,3073.0,72.0,3011.0,61.0,3
1700241694,3077.0,73.0,3027.0,61.0,3
1700241694,3080.0,74.0,3036.0,60.0,3
1700241694,3083.0,76.0,3036.0,60.0,3
1700241694,3085.0,76.0,3036.0,60.0,3
1700241694,3086.0,77.0,3024.0,59.0,3
1700241694,3088.0,78.0,3005.0,56.0,3
1700241694,3089.0,79.0,3002.0,55.0,3
1700241694,3089.0,80.0,3001.0,55.0,3
1700241694,3121.0,113.0,3001.0,55.0,3
1700241694,2733.0,91.0,3110.0,66.0,3
1700241694,2676.0,94.0,3110.0,65.0,3
1700241694,2667.0,96.0,3110.0,64.0,3
1700241694,2704.0,104.0,3110.0,64.0,3
1700241694,2792.0,118.0,3110.0,64.0,3
1700241694,2909.0,140.0,3110.0,64.0,0
1700241694,2996.0,156.0,3110.0,64.0,0
1700241694,3052.0,166.0,3110.0,64.0,0
1700241694,3087.0,173.0,3110.0,64.0,0
1700241694,3105.0,176.0,3110.0,64.0,3
1700241694,3114.0,177.0,3110.0,64.0,3
1700241694,3121.0,178.0,3110.0,64.0,3
1700241694,3126.0,179.0,3110.0,64.0,3
1700241694,3129.0,179.0,3114.0,63.0,3
1700241694,3131.0,178.0,3121.0,66.0,3
1700241694,3132.0,177.0,3124.0,69.0,3
1700241694,3136.0,177.0,3128.0,74.0,3
1700241694,3167.0,170.0,3132.0,78.0,3
1700241694,3212.0,161.0,3116.0,86.0,3
1700241694,3251.0,152.0,3096.0,91.0,3
1700241694,3277.0,146.0,3071.0,100.0,3
1700241694,3294.0,140.0,3074.0,118.0,3
1700241694,3310.0,136.0,3115.0,127.0,3
1700241694,3322.0,131.0,3187.0,133.0,3
1700241694,3331.0,128.0,3237.0,133.0,3
1700241694,3336.0,127.0,3293.0,137.0,3
1700241694,3358.0,126.0,3331.0,142.0,3
1700241694,3389.0,125.0,3364.0,147.0,3
1700241694,3411.0,126.0,3382.0,148.0,3
1700241694,3427.0,128.0,3402.0,148.0,3
1700241694,3438.0,129.0,3441.0,148.0,3
1700241694,3447.0,129.0,3489.0,148.0,3
1700241694,3454.0,130.0,3532.0,149.0,3
1700241694,3459.0,130.0,3548.0,149.0,3
1700241694,3462.0,131.0,3562.0,149.0,3
1700241694,3465.0,131.0,3581.0,146.0,3
1700241694,3466.0,132.0,3584.0,145.0,3
1700241694,3469.0,133.0,3587.0,145.0,3
1700241694,3473.0,133.0,3597.0,145.0,3
1700241694,3476.0,133.0,3604.0,144.0,3
1700241694,3479.0,133.0,3607.0,143.0,3
1700241694,3481.0,133.0,3607.0,142.0,3
1700241694,3484.0,133.0,3608.0,137.0,3
1700241694,3486.0,134.0,3612.0,129.0,3
1700241694,3487.0,134.0,3615.0,124.0,3
1700241694,3494.0,135.0,3615.0,121.0,3
1700241694,3507.0,135.0,3615.0,120.0,3
1700241694,3520.0,135.0,3616.0,118.0,3
1700241694,3533.0,136.0,3616.0,118.0,3
1700241694,3543.0,136.0,3617.0,118.0,3
1700241694,3551.0,135.0,3619.0,118.0,3
1700241694,3557.0,135.0,3622.0,116.0,3
1700241694,3563.0,134.0,3623.0,115.0,3
1700241694,3567.0,134.0,3624.0,114.0,3
1700241694,3570.0,134.0,3626.0,111.0,3
1700241694,3572.0,134.0,3627.0,110.0,3
1700241694,3574.0,133.0,3627.0,110.0,3
1700241694,3559.0,134.0,3627.0,110.0,3
1700241694,3372.0,167.0,3627.0,110.0,3
1700241694,2997.0,253.0,3627.0,110.0,0
1700241694,2760.0,322.0,3627.0,110.0,0
1700241694,2660.0,347.0,3627.0,110.0,0
1700241694,2616.0,356.0,3627.0,110.0,3
1700241694,2599.0,366.0,3627.0,110.0,3
1700241694,2592.0,373.0,3627.0,110.0,3
1700241694,2588.0,377.0,3627.0,110.0,3
1700241694,2590.0,378.0,3627.0,110.0,3
1700241694,2590.0,381.0,3627.0,110.0,3
1700241694,2592.0,385.0,3627.0,110.0,3
1700241694,2591.0,388.0,3627.0,110.0,3
1700241694,2591.0,390.0,3627.0,110.0,3
1700241694,2592.0,391.0,3627.0,110.0,3
1700241694,2593.0,392.0,3627.0,110.0,3
1700241694,2593.0,393.0,3627.0,110.0,3
1700241694,2583.0,393.0,3627.0,110.0,3
1700241694,2565.0,396.0,3627.0,110.0,3
1700241694,2550.0,398.0,3627.0,110.0,3
1700241694,2536.0,399.0,3627.0,110.0,3
1700241694,2525.0,399.0,3627.0,110.0,3
1700241694,2517.0,399.0,3627.0,110.0,3
1700241694,2510.0,400.0,3627.0,110.0,3
1700241694,2506.0,402.0,3627.0,110.0,3
1700241694,2501.0,403.0,3627.0,110.0,3
1700241694,2504.0,405.0,3627.0,110.0,3
1700241694,2510.0,408.0,3627.0,110.0,3
1700241694,2514.0,410.0,3627.0,110.0,3
1700241694,2518.0,411.0,3627.0,110.0,3
1700241694,2521.0,412.0,3627.0,110.0,3
1700241694,2525.0,413.0,3627.0,110.0,3
1700241694,2528.0,415.0,3627.0,110.0,3
1700241694,2531.0,416.0,3627.0,110.0,3
1700241694,2541.0,437.0,3627.0,110.0,3
1700241694,2679.0,406.0,2823.0,440.0,0
1700241694,2689.0,406.0,2824.0,439.0,0
1700241694,2701.0,406.0,2824.0,439.0,3
1700241694,2711.0,407.0,2824.0,439.0,3
1700241694,2723.0,408.0,2824.0,439.0,3
1700241694,2733.0,409.0,2824.0,439.0,3
1700241694,2740.0,410.0,2824.0,439.0,3
1700241694,2746.0,409.0,2824.0,439.0,3
1700241694,2749.0,410.0,2829.0,439.0,3
1700241694,2745.0,412.0,2848.0,438.0,3
1700241694,2738.0,414.0,2856.0,438.0,3
1700241694,2732.0,417.0,2856.0,438.0,3
1700241694,2722.0,423.0,2856.0,438.0,3
1700241694,2713.0,429.0,2856.0,438.0,3
1700241694,2691.0,464.0,2856.0,438.0,3
1700241694,2691.0,451.0,2856.0,438.0,3
1700241694,2693.0,432.0,2856.0,438.0,3
1700241694,2688.0,440.0,2856.0,438.0,3
1700241694,2685.0,432.0,2856.0,438.0,3
1700241694,2685.0,432.0,2856.0,438.0,3
1700241694,2684.0,435.0,2876.0,434.0,3
1700241694,2684.0,439.0,2895.0,430.0,3
1700241694,2682.0,443.0,2895.0,430.0,3
1700241694,2681.0,447.0,2895.0,430.0,3
1700241694,2680.0,453.0,2895.0,430.0,3
1700241694,2681.0,450.0,2895.0,430.0,3
1700241694,2682.0,441.0,2897.0,429.0,3
1700241694,2681.0,435.0,2897.0,429.0,3
1700241694,2681.0,428.0,2897.0,429.0,3
1700241694,2682.0,421.0,2897.0,429.0,0
1700241694,2683.0,418.0,2897.0,429.0,0
1700241694,2684.0,418.0,2897.0,429.0,0
1700241694,2684.0,418.0,2897.0,429.0,3
1700241694,2684.0,418.0,2897.0,429.0,3
1700241694,2683.0,419.0,2897.0,429.0,3
1700241694,2681.0,420.0,2897.0,429.0,3
1700241694,2678.0,420.0,2897.0,429.0,3
1700241694,2675.0,421.0,2897.0,429.0,3
1700241694,2673.0,422.0,2897.0,429.0,3
1700241694,2670.0,422.0,2897.0,429.0,3
1700241694,2666.0,423.0,2897.0,429.0,3
1700241694,2662.0,424.0,2897.0,429.0,3
1700241694,2659.0,425.0,2897.0,429.0,3
1700241694,2656.0,426.0,2897.0,429.0,3
1700241694,2654.0,426.0,2897.0,429.0,3
1700241694,2651.0,426.0,2897.0,429.0,3
1700241694,2649.0,427.0,2897.0,429.0,3
1700241694,2647.0,427.0,2897.0,429.0,3
1700241694,2637.0,437.0,2897.0,429.0,3
1700241694,2571.0,561.0,2897.0,429.0,3
1700241694,2481.0,775.0,2897.0,429.0,3
1700241694,2432.0,893.0,2897.0,429.0,3
1700241694,2407.0,937.0,2897.0,429.0,3
1700241694,2393.0,958.0,2897.0,429.0,3
1700241694,2388.0,967.0,2897.0,429.0,3
1700241694,2389.0,973.0,2897.0,429.0,3
1700241694,2386.0,976.0,2897.0,429.0,3
1700241694,2385.0,978.0,2897.0,429.0,3
1700241694,2453.0,757.0,2897.0,429.0,3
1700241694,2451.0,761.0,2897.0,429.0,3
1700241694,2444.0,790.0,2897.0,429.0,3
1700241694,2436.0,825.0,2897.0,429.0,3
1700241694,2428.0,860.0,2897.0,429.0,3
1700241694,2423.0,884.0,2897.0,429.0,3
1700241694,2417.0,898.0,2897.0,429.0,3
1700241694,2414.0,905.0,2897.0,429.0,3
1700241694,2413.0,910.0,2897.0,429.0,3
1700241694,2411.0,913.0,2897.0,429.0,3
1700241694,2408.0,913.0,2897.0,429.0,3
1700241694,2406.0,913.0,2897.0,429.0,3
1700241694,2406.0,916.0,2897.0,429.0,3
1700241694,2404.0,917.0,2897.0,429.0,3
1700241694,2403.0,918.0,2897.0,429.0,3
1700241694,2403.0,920.0,2897.0,429.0,3
1700241694,2402.0,921.0,2906.0,431.0,3
1700241694,2397.0,917.0,2934.0,420.0,3
1700241694,2346.0,846.0,2943.0,418.0,3
1700241694,2243.0,694.0,2943.0,418.0,3
1700241694,2180.0,594.0,2943.0,418.0,3
1700241694,2154.0,550.0,2943.0,418.0,3
1700241694,2131.0,527.0,2916.0,418.0,3
1700241694,2123.0,520.0,2777.0,404.0,3
1700241694,2123.0,516.0,2552.0,394.0,3
1700241694,2123.0,516.0,2409.0,393.0,3
1700241694,2122.0,519.0,2347.0,403.0,3
1700241694,2119.0,523.0,2344.0,405.0,3
1700241694,2118.0,523.0,2344.0,405.0,3
1700241694,2117.0,522.0,2341.0,407.0,3
1700241694,2115.0,514.0,2323.0,408.0,3
1700241694,2111.0,478.0,2303.0,408.0,3
1700241694,2113.0,426.0,2280.0,408.0,3
1700241694,2114.0,390.0,2261.0,408.0,3
1700241694,2114.0,370.0,2250.0,405.0,3
1700241694,2118.0,358.0,2235.0,399.0,3
1700241694,2124.0,348.0,2233.0,399.0,3
1700241694,2127.0,341.0,2233.0,399.0,3
1700241694,2128.0,335.0,2233.0,399.0,3
1700241694,2128.0,329.0,2233.0,399.0,3
1700241694,2126.0,322.0,2233.0,399.0,3
1700241694,2122.0,317.0,2233.0,399.0,3
1700241694,2119.0,312.0,2233.0,399.0,3
1700241694,2117.0,309.0,2233.0,399.0,3
1700241694,2114.0,306.0,2233.0,399.0,3
1700241694,2112.0,303.0,2233.0,399.0,3
1700241694,2110.0,302.0,2232.0,398.0,3
1700241694,2109.0,300.0,2232.0,398.0,3
1700241694,2107.0,298.0,2232.0,398.0,3
1700241694,2105.0,297.0,2232.0,398.0,3
1700241694,2104.0,296.0,2232.0,398.0,3
1700241694,2104.0,296.0,2232.0,397.0,3
1700241694,2103.0,295.0,2232.0,397.0,3
1700241694,2102.0,293.0,2232.0,397.0,3
1700241694,2100.0,292.0,2232.0,397.0,3
1700241694,2100.0,294.0,2208.0,422.0,3
1700241694,2100.0,297.0,2191.0,429.0,3
1700241694,2101.0,302.0,2181.0,429.0,3
1700241694,2101.0,307.0,2176.0,428.0,3
1700241694,2100.0,311.0,2172.0,425.0,3
1700241694,2098.0,313.0,2164.0,418.0,3
1700241694,2097.0,314.0,2155.0,409.0,3
1700241694,2094.0,319.0,2149.0,400.0,3
1700241694,2092.0,326.0,2137.0,390.0,3
1700241694,2091.0,331.0,2136.0,389.0,3
1700241694,2088.0,336.0,2130.0,389.0,3
1700241694,2086.0,339.0,2120.0,389.0,3
1700241694,2084.0,343.0,2107.0,399.0,3
1700241694,2083.0,346.0,2104.0,402.0,3
1700241694,2082.0,350.0,2104.0,402.0,3
1700241694,2081.0,353.0,2104.0,402.0,3
1700241694,2079.0,355.0,2104.0,402.0,3
1700241694,2078.0,357.0,2104.0,402.0,3
1700241694,2077.0,360.0,2102.0,401.0,3
1700241694,2077.0,360.0,2102.0,401.0,3
1700241694,2077.0,362.0,2102.0,401.0,3
1700241694,2082.0,362.0,2102.0,401.0,3
1700241694,2100.0,361.0,2102.0,401.0,3
1700241694,2097.0,365.0,2102.0,401.0,3
1700241694,2101.0,367.0,2102.0,401.0,3
1700241694,2132.0,365.0,2102.0,401.0,0
1700241694,2179.0,364.0,2102.0,401.0,0
1700241694,2230.0,370.0,2102.0,401.0,0
1700241694,2263.0,381.0,2102.0,401.0,3
1700241694,2309.0,394.0,2102.0,401.0,3
1700241694,2302.0,416.0,2102.0,401.0,3
1700241694,2282.0,431.0,2102.0,401.0,3
1700241694,2295.0,436.0,2102.0,401.0,3
1700241694,2307.0,443.0,2102.0,401.0,3
1700241694,2315.0,452.0,2102.0,401.0,3
1700241694,2313.0,463.0,2100.0,401.0,3
1700241694,2289.0,474.0,2097.0,402.0,3
1700241694,2270.0,479.0,2096.0,403.0,3
1700241694,2253.0,480.0,2096.0,403.0,3
1700241694,2159.0,492.0,2096.0,403.0,3
1700241694,-287.0,1174.0,2096.0,403.0,3
1700241694,2113.0,489.0,2092.0,410.0,3
1700241694,2115.0,488.0,2092.0,410.0,3
1700241694,2118.0,486.0,2092.0,410.0,3
1700241694,2121.0,483.0,2092.0,409.0,3
1700241694,2124.0,479.0,2092.0,409.0,3
1700241694,2139.0,470.0,2091.0,407.0,3
1700241694,2258.0,420.0,2091.0,407.0,3
1700241694,2522.0,323.0,2090.0,406.0,3
1700241694,2747.0,252.0,2090.0,406.0,3
1700241694,2859.0,212.0,2090.0,406.0,3
1700241694,2909.0,189.0,2090.0,406.0,3
1700241694,2932.0,181.0,2090.0,406.0,3
1700241694,2945.0,173.0,2090.0,406.0,3
1700241694,2951.0,169.0,2090.0,406.0,3
1700241694,2995.0,165.0,2090.0,406.0,3
1700241694,3045.0,159.0,2090.0,406.0,3
1700241694,3080.0,155.0,2090.0,406.0,3
1700241694,3098.0,155.0,2090.0,406.0,3
1700241694,3111.0,157.0,2090.0,406.0,3
1700241694,3118.0,157.0,2090.0,406.0,3
1700241694,3122.0,157.0,2090.0,406.0,3
1700241694,3117.0,155.0,2090.0,406.0,3
1700241694,3112.0,154.0,2090.0,406.0,3
1700241694,3110.0,153.0,2090.0,406.0,3
1700241694,3108.0,153.0,2090.0,406.0,3
1700241694,3106.0,154.0,2090.0,406.0,3
1700241694,3104.0,154.0,2090.0,406.0,0
1700241694,3103.0,154.0,2090.0,406.0,0
1700241694,3103.0,154.0,2090.0,406.0,0
1700241694,3102.0,155.0,2090.0,406.0,0
1700241694,3102.0,155.0,2090.0,406.0,3
1700241694,3102.0,155.0,2090.0,406.0,3
1700241694,3101.0,155.0,2090.0,406.0,3
1700241694,3101.0,155.0,2090.0,406.0,3
1700241694,3100.0,155.0,2090.0,401.0,3
1700241694,3099.0,155.0,2090.0,397.0,3
1700241694,3098.0,155.0,2090.0,396.0,3
1700241694,3097.0,155.0,2089.0,394.0,3
1700241694,3096.0,155.0,2089.0,392.0,3
1700241694,3095.0,155.0,2089.0,391.0,3
1700241694,3094.0,158.0,2089.0,389.0,3
1700241694,2448.0,313.0,2088.0,407.0,0
1700241694,2378.0,330.0,2088.0,407.0,0
1700241694,2307.0,349.0,2088.0,407.0,3
1700241694,2253.0,361.0,2088.0,407.0,3
1700241694,2217.0,369.0,2088.0,407.0,3
1700241694,2192.0,374.0,2088.0,407.0,3
1700241694,2177.0,378.0,2088.0,407.0,3
1700241694,2166.0,380.0,2088.0,407.0,3
1700241694,2160.0,381.0,2088.0,407.0,3
1700241694,2173.0,380.0,2088.0,407.0,3
1700241694,2224.0,371.0,2088.0,407.0,3
1700241694,2517.0,313.0,2088.0,407.0,3
1700241694,2840.0,249.0,2088.0,407.0,3
1700241694,3000.0,214.0,2092.0,408.0,3
1700241694,3070.0,201.0,2106.0,406.0,3
1700241694,3103.0,198.0,2120.0,404.0,3
1700241694,3122.0,195.0,2148.0,400.0,3
1700241694,3129.0,196.0,2182.0,399.0,3
1700241694,3120.0,202.0,2193.0,399.0,3
1700241694,3110.0,207.0,2193.0,399.0,3
1700241694,3106.0,210.0,2193.0,399.0,3
1700241694,3103.0,211.0,2191.0,402.0,3
1700241694,3101.0,214.0,2186.0,412.0,3
1700241694,3100.0,215.0,2186.0,418.0,3
1700241694,3100.0,216.0,2189.0,422.0,3
1700241694,3099.0,217.0,2194.0,422.0,3
1700241694,3098.0,218.0,2200.0,419.0,3
1700241694,3098.0,219.0,2205.0,406.0,3
1700241694,3096.0,222.0,2205.0,391.0,3
1700241694,3092.0,225.0,2198.0,379.0,3
1700241694,3087.0,229.0,2196.0,376.0,3
1700241694,3082.0,234.0,2196.0,376.0,3
1700241694,3077.0,238.0,2196.0,376.0,3
1700241694,3072.0,241.0,2196.0,376.0,3
1700241694,3068.0,243.0,2196.0,376.0,3
1700241694,3069.0,244.0,2196.0,376.0,3
1700241694,3070.0,243.0,2196.0,376.0,3
1700241694,3071.0,242.0,2196.0,376.0,3
1700241694,3071.0,241.0,2196.0,376.0,3
1700241694,3072.0,240.0,2196.0,376.0,3
1700241694,3074.0,236.0,2196.0,376.0,3
1700241694,3078.0,229.0,2196.0,376.0,3
1700241694,3085.0,219.0,2196.0,376.0,3
1700241694,3086.0,206.0,2196.0,376.0,3
1700241694,3086.0,195.0,2196.0,376.0,3
1700241694,3087.0,186.0,2196.0,376.0,3
1700241694,3088.0,182.0,2196.0,376.0,3
1700241694,3077.0,182.0,2196.0,376.0,3
1700241694,3047.0,169.0,2196.0,376.0,3
1700241694,3009.0,171.0,2196.0,376.0,3
1700241694,2981.0,177.0,2196.0,376.0,3
1700241694,2958.0,183.0,2196.0,376.0,3
1700241694,2941.0,189.0,2196.0,376.0,3
1700241694,2927.0,196.0,2196.0,376.0,3
1700241694,2917.0,201.0,2196.0,376.0,3
1700241694,2909.0,205.0,2196.0,376.0,3
1700241694,2903.0,208.0,2196.0,376.0,3
1700241694,2900.0,210.0,2196.0,376.0,3
1700241694,2894.0,214.0,2196.0,376.0,3
1700241694,2876.0,217.0,2196.0,376.0,3
1700241694,2848.0,219.0,2196.0,376.0,3
1700241694,2826.0,222.0,2196.0,376.0,3
1700241694,2794.0,251.0,2196.0,376.0,3
1700241694,2798.0,229.0,2196.0,376.0,3
1700241694,2788.0,232.0,2196.0,376.0,3
1700241694,2781.0,238.0,2196.0,376.0,3
1700241694,2775.0,243.0,2196.0,376.0,3
1700241694,2770.0,247.0,2196.0,376.0,3
1700241694,2774.0,249.0,2196.0,376.0,3
1700241694,2778.0,251.0,2196.0,376.0,3
1700241694,2780.0,253.0,2196.0,376.0,3
1700241694,2782.0,256.0,2196.0,376.0,3
1700241694,2783.0,258.0,2196.0,376.0,3
1700241694,2784.0,260.0,2196.0,376.0,3
1700241694,2786.0,261.0,2196.0,376.0,3
1700241694,2787.0,262.0,2196.0,376.0,3
1700241694,2787.0,262.0,2196.0,376.0,3
1700241694,2788.0,262.0,2196.0,376.0,3
1700241694,2789.0,263.0,2196.0,376.0,3
1700241694,2790.0,263.0,2196.0,376.0,3
1700241694,2790.0,263.0,2196.0,376.0,3
1700241694,2789.0,262.0,2196.0,376.0,3
1700241694,2786.0,261.0,2196.0,376.0,3
1700241694,2781.0,260.0,2196.0,376.0,3
1700241694,2774.0,259.0,2196.0,376.0,3
1700241694,2766.0,256.0,2196.0,376.0,3
1700241694,2759.0,253.0,2196.0,376.0,3
1700241694,2752.0,251.0,2196.0,376.0,3
1700241694,2747.0,249.0,2196.0,376.0,3
1700241694,2742.0,247.0,2196.0,376.0,3
1700241694,2744.0,239.0,2196.0,376.0,3
1700241694,2750.0,226.0,2196.0,376.0,3
1700241694,2755.0,211.0,2196.0,376.0,3
1700241694,2760.0,200.0,2196.0,376.0,3
1700241694,2764.0,190.0,2196.0,376.0,3
1700241694,2766.0,182.0,2196.0,376.0,3
1700241694,2769.0,175.0,2196.0,376.0,3
1700241694,2771.0,171.0,2196.0,376.0,3
1700241694,2773.0,168.0,2196.0,376.0,3
1700241694,2774.0,164.0,2196.0,376.0,3
1700241694,2776.0,159.0,2196.0,376.0,3
1700241694,2777.0,155.0,2196.0,376.0,3
1700241694,2778.0,152.0,2196.0,376.0,3
1700241694,2778.0,148.0,2196.0,376.0,3
1700241694,2780.0,146.0,2196.0,376.0,3
1700241694,2780.0,145.0,2196.0,376.0,3
1700241694,2781.0,142.0,2196.0,376.0,3
1700241694,2782.0,140.0,2196.0,376.0,3
1700241694,2783.0,139.0,2196.0,376.0,3
1700241694,2783.0,137.0,2196.0,376.0,3
1700241694,2782.0,136.0,2196.0,376.0,3
1700241694,2782.0,136.0,2196.0,376.0,3
1700241694,2783.0,135.0,2196.0,376.0,3
1700241694,2783.0,136.0,2196.0,376.0,3
1700241694,2783.0,137.0,2196.0,376.0,3
1700241694,2782.0,140.0,2196.0,376.0,3
1700241694,2779.0,154.0,2196.0,376.0,3
1700241694,2774.0,173.0,2196.0,376.0,3
1700241694,2809.0,185.0,2196.0,376.0,3
1700241694,2860.0,196.0,2196.0,376.0,3
1700241694,2882.0,213.0,2196.0,376.0,3
1700241694,3050.0,197.0,2196.0,376.0,3
1700241694,3055.0,198.0,2196.0,376.0,3
1700241694,3063.0,205.0,2196.0,376.0,3
1700241694,3060.0,216.0,2196.0,376.0,3
1700241694,3036.0,228.0,2196.0,376.0,3
1700241694,2997.0,216.0,2196.0,376.0,3
1700241694,2955.0,213.0,2196.0,376.0,3
1700241694,2913.0,215.0,2196.0,376.0,3
1700241694,2879.0,220.0,2196.0,376.0,3
1700241694,2853.0,225.0,2196.0,376.0,3
1700241694,2833.0,225.0,2196.0,376.0,3
1700241694,2819.0,222.0,2196.0,376.0,3
1700241694,2791.0,222.0,2196.0,376.0,3
1700241694,2780.0,226.0,2196.0,376.0,3
1700241694,2773.0,221.0,2196.0,376.0,3
1700241694,2766.0,230.0,2196.0,376.0,3
1700241694,2761.0,254.0,2196.0,376.0,3
1700241694,2768.0,269.0,2196.0,376.0,3
1700241694,2767.0,283.0,2196.0,376.0,3
1700241694,2321.0,880.0,2196.0,376.0,3
1700241694,2742.0,186.0,2080.0,401.0,3
1700241695,2777.0,121.0,2080.0,401.0,3
1700241695,2810.0,69.0,2080.0,401.0,3
1700241695,2830.0,47.0,2080.0,401.0,3
1700241695,2841.0,40.0,2080.0,401.0,3
1700241695,2848.0,39.0,2080.0,401.0,3
1700241695,2852.0,41.0,2080.0,401.0,3
1700241695,2827.0,46.0,2080.0,401.0,3
1700241695,2768.0,57.0,2080.0,401.0,3
1700241695,2696.0,72.0,2080.0,401.0,3
1700241695,2636.0,86.0,2080.0,401.0,3
1700241695,2592.0,96.0,2080.0,401.0,3
1700241695,2564.0,103.0,2080.0,401.0,3
1700241695,2546.0,108.0,2080.0,401.0,3
1700241695,2534.0,112.0,2080.0,401.0,3
1700241695,2526.0,112.0,2080.0,401.0,3
1700241695,2521.0,111.0,2080.0,401.0,3
1700241695,2528.0,112.0,2080.0,401.0,3
1700241695,2536.0,112.0,2080.0,401.0,3
1700241695,2541.0,112.0,2080.0,401.0,3
1700241695,2544.0,113.0,2080.0,401.0,3
1700241695,2546.0,113.0,2080.0,401.0,3
1700241695,2530.0,122.0,2080.0,401.0,3
1700241695,2419.0,175.0,2080.0,401.0,3
1700241695,2292.0,238.0,2080.0,401.0,3
1700241695,2215.0,283.0,2080.0,401.0,3
1700241695,2169.0,312.0,2080.0,401.0,0
1700241695,2145.0,327.0,2080.0,401.0,0
1700241695,2131.0,339.0,2080.0,401.0,0
1700241695,2115.0,357.0,2080.0,401.0,3
1700241695,2105.0,373.0,2080.0,401.0,3
1700241695,2102.0,381.0,2080.0,401.0,3
1700241695,2102.0,387.0,2080.0,401.0,3
1700241695,2102.0,390.0,2080.0,401.0,3
1700241695,2101.0,393.0,2080.0,401.0,3
1700241695,2100.0,395.0,2079.0,402.0,3
1700241695,2100.0,399.0,2075.0,406.0,3
1700241695,2099.0,402.0,2075.0,406.0,3
1700241695,2099.0,404.0,2075.0,408.0,3
1700241695,2098.0,406.0,2074.0,411.0,3
1700241695,2097.0,406.0,2074.0,411.0,3
1700241695,2095.0,406.0,2074.0,411.0,3
1700241695,2094.0,406.0,2074.0,411.0,3
1700241695,2094.0,406.0,2074.0,411.0,3
1700241695,2095.0,406.0,2074.0,411.0,3
1700241695,2095.0,406.0,2074.0,411.0,3
1700241695,2095.0,406.0,2074.0,411.0,3
1700241695,2121.0,401.0,2074.0,411.0,3
1700241695,2233.0,373.0,2074.0,411.0,3
1700241695,2361.0,343.0,2074.0,411.0,3
1700241695,2450.0,319.0,2074.0,411.0,3
1700241695,2502.0,304.0,2074.0,411.0,3
1700241695,2532.0,297.0,2074.0,411.0,3
1700241695,2548.0,292.0,2074.0,411.0,3
1700241695,2556.0,290.0,2074.0,411.0,3
1700241695,2561.0,289.0,2074.0,411.0,3
1700241695,2564.0,289.0,2074.0,411.0,3
1700241695,2566.0,292.0,2074.0,411.0,3
1700241695,2567.0,293.0,2074.0,411.0,3
1700241695,2604.0,320.0,2074.0,411.0,3
1700241695,2752.0,516.0,2074.0,411.0,3
1700241695,3840.0,1184.0,2074.0,411.0,3
1700241695,3945.0,1248.0,2074.0,411.0,3
1700241695,4003.0,1310.0,2074.0,411.0,3
1700241695,4021.0,1352.0,2074.0,411.0,3
1700241695,4021.0,1375.0,2074.0,411.0,3
1700241695,4013.0,1390.0,2074.0,411.0,3
1700241695,3999.0,1395.0,2074.0,411.0,3
1700241695,3982.0,1399.0,2074.0,411.0,3
1700241695,3971.0,1405.0,2074.0,411.0,3
1700241695,3964.0,1427.0,2074.0,411.0,3
1700241695,3954.0,1455.0,2074.0,411.0,3
1700241695,2472.0,713.0,2074.0,411.0,3
1700241695,2406.0,677.0,2074.0,411.0,3
1700241695,2331.0,622.0,2074.0,411.0,3
1700241695,2167.0,504.0,2099.0,417.0,3
1700241695,2169.0,504.0,2099.0,417.0,3
1700241695,2169.0,502.0,2099.0,417.0,3
1700241695,2178.0,496.0,2099.0,417.0,3
1700241695,2295.0,448.0,2099.0,417.0,3
1700241695,2536.0,355.0,2099.0,417.0,3
1700241695,2701.0,291.0,2099.0,418.0,3
1700241695,2782.0,260.0,2099.0,418.0,3
1700241695,2819.0,247.0,2099.0,418.0,3
1700241695,2838.0,244.0,2099.0,418.0,3
1700241695,2847.0,240.0,2099.0,418.0,3
1700241695,2854.0,236.0,2099.0,418.0,3
1700241695,2854.0,234.0,2099.0,418.0,3
1700241695,2882.0,235.0,2099.0,418.0,3
1700241695,2937.0,240.0,2099.0,418.0,3
1700241695,2981.0,240.0,2099.0,418.0,3
1700241695,3011.0,238.0,2099.0,418.0,3
1700241695,3030.0,239.0,2099.0,418.0,3
1700241695,3042.0,239.0,2099.0,418.0,3
1700241695,3051.0,239.0,2099.0,418.0,3
1700241695,3059.0,241.0,2099.0,418.0,3
1700241695,3066.0,242.0,2099.0,418.0,3
1700241695,3073.0,240.0,2099.0,418.0,3
1700241695,3079.0,239.0,2099.0,418.0,3
1700241695,3081.0,237.0,2099.0,418.0,3
1700241695,3070.0,236.0,2099.0,418.0,3
1700241695,3054.0,235.0,2099.0,418.0,3
1700241695,3023.0,234.0,2099.0,418.0,3
1700241695,2989.0,233.0,2099.0,418.0,3
1700241695,2957.0,227.0,2099.0,418.0,3
1700241695,2931.0,220.0,2099.0,418.0,3
1700241695,2914.0,213.0,2099.0,418.0,3
1700241695,2903.0,211.0,2099.0,418.0,3
1700241695,2872.0,205.0,2099.0,418.0,3
1700241695,2843.0,197.0,2099.0,418.0,3
1700241695,2819.0,192.0,2099.0,418.0,3
1700241695,2805.0,190.0,2099.0,418.0,3
1700241695,2798.0,186.0,2099.0,418.0,3
1700241695,2793.0,180.0,2099.0,418.0,3
1700241695,2790.0,177.0,2099.0,418.0,3
1700241695,2786.0,176.0,2099.0,418.0,3
1700241695,2781.0,175.0,2108.0,407.0,3
1700241695,2777.0,175.0,2163.0,338.0,3
1700241695,2775.0,175.0,2282.0,259.0,3
1700241695,2775.0,174.0,2430.0,218.0,3
1700241695,2775.0,174.0,2544.0,208.0,3
1700241695,2766.0,174.0,2667.0,209.0,3
1700241695,2754.0,174.0,2715.0,229.0,3
1700241695,2742.0,173.0,2715.0,229.0,3
1700241695,2732.0,173.0,2715.0,229.0,3
1700241695,2721.0,174.0,2715.0,229.0,3
1700241695,2710.0,178.0,2715.0,229.0,3
1700241695,2702.0,180.0,2715.0,229.0,3
1700241695,2693.0,185.0,2739.0,209.0,3
1700241695,2684.0,190.0,2754.0,205.0,3
1700241695,2677.0,192.0,2754.0,205.0,3
1700241695,2667.0,194.0,2751.0,204.0,3
1700241695,2674.0,191.0,2741.0,204.0,3
1700241695,2681.0,189.0,2730.0,207.0,3
1700241695,2682.0,191.0,2721.0,209.0,3
1700241695,2689.0,192.0,2712.0,213.0,3
1700241695,2708.0,190.0,2703.0,216.0,3
1700241695,2705.0,194.0,2700.0,217.0,3
1700241695,2702.0,197.0,2698.0,217.0,3
1700241695,2701.0,199.0,2698.0,217.0,3
1700241695,2700.0,200.0,2698.0,217.0,3
1700241695,2699.0,202.0,2700.0,213.0,3
1700241695,2703.0,203.0,2709.0,204.0,3
1700241695,2706.0,204.0,2717.0,200.0,3
1700241695,2709.0,206.0,2721.0,200.0,3
1700241695,2713.0,207.0,2727.0,200.0,3
1700241695,2717.0,210.0,2733.0,202.0,3
1700241695,2718.0,214.0,2739.0,204.0,3
1700241695,2721.0,218.0,2744.0,207.0,3
1700241695,2902.0,417.0,2632.0,197.0,3
1700241695,2849.0,386.0,2633.0,196.0,3
1700241695,2791.0,353.0,2637.0,195.0,3
1700241695,2750.0,328.0,2644.0,195.0,3
1700241695,2725.0,313.0,2657.0,195.0,3
1700241695,2707.0,301.0,2667.0,195.0,3
1700241695,2695.0,295.0,2671.0,195.0,3
1700241695,2688.0,293.0,2674.0,196.0,3
1700241695,2684.0,287.0,2679.0,199.0,3
1700241695,2681.0,284.0,2686.0,204.0,3
1700241695,2680.0,284.0,2689.0,207.0,3
1700241695,2679.0,282.0,2693.0,208.0,3
1700241695,2679.0,280.0,2697.0,209.0,3
1700241695,2679.0,279.0,2698.0,209.0,3
1700241695,2678.0,277.0,2700.0,211.0,3
1700241695,2677.0,276.0,2706.0,212.0,3
1700241695,2676.0,278.0,2721.0,213.0,3
1700241695,2682.0,272.0,2732.0,218.0,3
1700241695,2692.0,262.0,2732.0,218.0,3
1700241695,2700.0,252.0,2732.0,218.0,3
1700241695,2713.0,219.0,2736.0,241.0,3
1700241695,2713.0,219.0,2735.0,242.0,3
1700241695,2713.0,218.0,2735.0,242.0,3
1700241695,2713.0,218.0,2735.0,242.0,3
1700241695,2713.0,216.0,2731.0,239.0,3
1700241695,2712.0,215.0,2724.0,231.0,3
1700241695,2704.0,214.0,2720.0,229.0,3
1700241695,2671.0,211.0,2708.0,226.0,3
1700241695,2625.0,209.0,2692.0,224.0,3
1700241695,2585.0,204.0,2673.0,221.0,3
1700241695,2555.0,203.0,2661.0,219.0,3
1700241695,2534.0,203.0,2653.0,219.0,3
1700241695,2518.0,201.0,2652.0,219.0,3
1700241695,2508.0,199.0,2651.0,219.0,3
1700241695,2500.0,196.0,2648.0,219.0,3
1700241695,2494.0,194.0,2646.0,219.0,3
1700241695,2489.0,191.0,2638.0,219.0,3
1700241695,2488.0,188.0,2625.0,216.0,3
1700241695,2485.0,188.0,2607.0,215.0,3
1700241695,2483.0,188.0,2591.0,214.0,3
1700241695,2482.0,188.0,2570.0,214.0,3
1700241695,2481.0,188.0,2547.0,225.0,3
1700241695,2481.0,189.0,2516.0,243.0,3
1700241695,2480.0,191.0,2498.0,256.0,3
1700241695,2480.0,191.0,2492.0,264.0,3
1700241695,2479.0,192.0,2486.0,273.0,3
1700241695,2476.0,192.0,2488.0,278.0,3
1700241695,2474.0,192.0,2512.0,275.0,3
1700241695,2459.0,199.0,2517.0,275.0,3
1700241695,2383.0,242.0,2517.0,275.0,3
1700241695,2269.0,313.0,2517.0,275.0,3
1700241695,2194.0,357.0,2520.0,269.0,3
1700241695,2151.0,383.0,2529.0,268.0,3
1700241695,2129.0,397.0,2526.0,275.0,3
1700241695,2115.0,405.0,2464.0,314.0,3
1700241695,2106.0,409.0,2364.0,367.0,3
1700241695,2101.0,413.0,2275.0,412.0,3
1700241695,2099.0,414.0,2238.0,433.0,3
1700241695,2098.0,417.0,2228.0,442.0,3
1700241695,2096.0,418.0,2225.0,444.0,3
1700241695,2096.0,416.0,2217.0,440.0,3
1700241695,2096.0,415.0,2202.0,438.0,3
1700241695,2096.0,413.0,2195.0,438.0,3
1700241695,2099.0,414.0,2191.0,438.0,3
1700241695,2100.0,414.0,2178.0,438.0,3
1700241695,2098.0,413.0,2154.0,436.0,3
1700241695,2096.0,411.0,2151.0,436.0,3
1700241695,2092.0,410.0,2150.0,435.0,3
1700241695,2092.0,407.0,2149.0,434.0,3
1700241695,2094.0,405.0,2149.0,434.0,3
1700241695,2095.0,402.0,2149.0,434.0,3
1700241695,2095.0,400.0,2149.0,434.0,3
1700241695,2130.0,383.0,2149.0,434.0,0
1700241695,2282.0,289.0,2149.0,434.0,0
1700241695,2441.0,191.0,2149.0,434.0,0
1700241695,2525.0,135.0,2149.0,434.0,3
1700241695,2566.0,108.0,2149.0,434.0,3
1700241695,2585.0,96.0,2149.0,434.0,3
1700241695,2596.0,91.0,2149.0,434.0,3
1700241695,2601.0,88.0,2149.0,434.0,3
1700241695,2605.0,87.0,2149.0,434.0,3
1700241695,2608.0,88.0,2149.0,434.0,3
1700241695,2610.0,89.0,2149.0,434.0,3
1700241695,2611.0,88.0,2144.0,431.0,3
1700241695,2611.0,88.0,2141.0,430.0,3
1700241695,2611.0,88.0,2135.0,428.0,3
1700241695,2611.0,88.0,2131.0,426.0,3
1700241695,2617.0,89.0,2127.0,424.0,3
1700241695,2669.0,90.0,2122.0,423.0,3
1700241695,2757.0,92.0,2122.0,423.0,3
1700241695,2829.0,96.0,2122.0,423.0,3
1700241695,2878.0,95.0,2122.0,423.0,3
1700241695,2908.0,95.0,2122.0,423.0,3
1700241695,2925.0,97.0,2122.0,423.0,3
1700241695,2937.0,96.0,2122.0,422.0,3
1700241695,2945.0,95.0,2122.0,422.0,3
1700241695,2952.0,94.0,2121.0,421.0,3
1700241695,2983.0,95.0,2121.0,421.0,3
1700241695,3015.0,96.0,2120.0,420.0,3
1700241695,3039.0,96.0,2118.0,419.0,3
1700241695,3055.0,96.0,2116.0,418.0,3
1700241695,3065.0,96.0,2115.0,418.0,3
1700241695,3073.0,95.0,2113.0,418.0,3
1700241695,3079.0,95.0,2110.0,418.0,3
1700241695,3082.0,96.0,2108.0,418.0,3
1700241695,3051.0,112.0,2106.0,418.0,3
1700241695,3060.0,38.0,3072.0,65.0,3
1700241695,3062.0,36.0,3073.0,62.0,3
1700241695,3064.0,33.0,3075.0,60.0,3
1700241695,3067.0,30.0,3077.0,58.0,3
1700241695,3070.0,27.0,3078.0,56.0,3
1700241695,3074.0,23.0,3078.0,56.0,3
1700241695,3076.0,21.0,3078.0,56.0,3
1700241695,3079.0,19.0,3078.0,56.0,3
1700241695,3082.0,18.0,3078.0,56.0,3
1700241695,3084.0,19.0,3078.0,56.0,3
1700241695,3081.0,21.0,3078.0,56.0,3
1700241695,3066.0,19.0,3078.0,56.0,3
1700241695,3037.0,17.0,3078.0,56.0,3
1700241695,3003.0,16.0,3078.0,56.0,3
1700241695,2975.0,14.0,3078.0,56.0,3
1700241695,2952.0,12.0,3078.0,56.0,3
1700241695,2935.0,10.0,3070.0,56.0,3
1700241695,2923.0,9.0,3037.0,58.0,3
1700241695,2914.0,10.0,2987.0,61.0,3
1700241695,2910.0,10.0,2931.0,63.0,3
1700241695,2900.0,11.0,2878.0,64.0,3
1700241695,2859.0,14.0,2831.0,66.0,3
1700241695,2813.0,17.0,2805.0,66.0,3
1700241695,2777.0,20.0,2775.0,66.0,3
1700241695,2753.0,23.0,2752.0,64.0,3
1700241695,2736.0,25.0,2718.0,60.0,3
1700241695,2723.0,24.0,2687.0,55.0,3
1700241695,2714.0,23.0,2678.0,54.0,3
1700241695,2708.0,22.0,2667.0,53.0,3
1700241695,2705.0,21.0,2655.0,53.0,3
1700241695,2702.0,20.0,2653.0,53.0,3
1700241695,2701.0,18.0,2653.0,53.0,3
1700241695,2699.0,17.0,2653.0,53.0,3
1700241695,2698.0,15.0,2652.0,54.0,3
1700241695,2697.0,13.0,2652.0,93.0,3
1700241695,2696.0,26.0,2660.0,183.0,3
1700241695,2675.0,204.0,2690.0,369.0,3
1700241695,2620.0,627.0,2748.0,569.0,3
1700241695,2602.0,917.0,2812.0,696.0,3
1700241695,2591.0,1020.0,2829.0,731.0,3
1700241695,2586.0,1051.0,2827.0,710.0,3
1700241695,2583.0,1063.0,2826.0,710.0,3
1700241695,2584.0,1069.0,2826.0,710.0,3
1700241695,2586.0,1067.0,2826.0,710.0,3
1700241695,2617.0,1069.0,2821.0,720.0,3
1700241695,2641.0,1069.0,2807.0,792.0,3
1700241695,2656.0,1068.0,2767.0,944.0,3
1700241695,2660.0,1067.0,2760.0,1026.0,3
1700241695,2665.0,1066.0,2760.0,1036.0,3
1700241695,2666.0,1066.0,2760.0,1037.0,3
1700241695,2669.0,1065.0,2760.0,1042.0,3
1700241695,2673.0,1062.0,2760.0,1045.0,3
1700241695,2675.0,1061.0,2757.0,1048.0,3
1700241695,2687.0,1061.0,2759.0,1052.0,3
1700241695,2704.0,1061.0,2769.0,1056.0,3
1700241695,2718.0,1062.0,2777.0,1053.0,3
1700241695,2728.0,1064.0,2778.0,1051.0,3
1700241695,2737.0,1068.0,2780.0,1049.0,3
1700241695,2740.0,1078.0,2783.0,1049.0,3
1700241695,2607.0,1073.0,2582.0,1064.0,3
1700241695,2605.0,1073.0,2583.0,1065.0,3
1700241695,2606.0,1073.0,2582.0,1066.0,3
1700241695,2607.0,1074.0,2582.0,1066.0,3
1700241695,2608.0,1074.0,2582.0,1066.0,3
1700241695,2611.0,1075.0,2581.0,1065.0,3
1700241695,2613.0,1075.0,2581.0,1065.0,3
1700241695,2616.0,1075.0,2581.0,1065.0,3
1700241695,2618.0,1074.0,2581.0,1065.0,3
1700241695,2620.0,1074.0,2582.0,1064.0,3
1700241695,2620.0,1076.0,2583.0,1063.0,3
1700241695,2449.0,1061.0,2784.0,648.0,3
1700241695,2447.0,1060.0,2784.0,648.0,3
1700241695,2445.0,1060.0,2784.0,648.0,3
1700241695,2442.0,1059.0,2784.0,648.0,3
1700241695,2450.0,1022.0,2784.0,648.0,3
1700241695,2472.0,873.0,2784.0,648.0,3
1700241695,2516.0,668.0,2784.0,648.0,3
1700241695,2542.0,563.0,2784.0,648.0,3
1700241695,2554.0,521.0,2784.0,648.0,3
1700241695,2561.0,505.0,2784.0,648.0,3
1700241695,2643.0,511.0,2784.0,648.0,3
1700241695,2643.0,512.0,2784.0,648.0,3
1700241695,2643.0,516.0,2784.0,648.0,3
1700241695,2642.0,524.0,2784.0,648.0,3
1700241695,2643.0,527.0,2784.0,648.0,3
1700241695,2644.0,530.0,2784.0,648.0,3
1700241695,2645.0,532.0,2784.0,648.0,3
1700241695,2651.0,538.0,2784.0,648.0,3
1700241695,2656.0,545.0,2784.0,648.0,3
1700241695,2654.0,551.0,2797.0,653.0,3
1700241695,2654.0,560.0,2857.0,674.0,3
1700241695,2649.0,562.0,2889.0,683.0,3
1700241695,2632.0,584.0,2894.0,686.0,3
1700241695,2587.0,623.0,2894.0,686.0,3
1700241695,2554.0,668.0,2894.0,686.0,3
1700241695,2540.0,709.0,2894.0,686.0,3
1700241695,2537.0,733.0,2894.0,686.0,0
1700241695,2548.0,741.0,2894.0,686.0,0
1700241695,2560.0,738.0,2894.0,686.0,0
1700241695,2560.0,732.0,2894.0,686.0,0
1700241695,2547.0,735.0,2894.0,686.0,3
1700241695,2557.0,743.0,2894.0,686.0,3
1700241695,2655.0,734.0,2897.0,685.0,3
1700241695,2816.0,717.0,2907.0,683.0,3
1700241695,2963.0,677.0,2909.0,683.0,3
1700241695,3054.0,654.0,2909.0,683.0,3
1700241695,3460.0,173.0,3664.0,20.0,3
1700241695,3493.0,159.0,3667.0,18.0,3
1700241695,3543.0,139.0,3669.0,16.0,3
1700241695,3577.0,123.0,3671.0,15.0,3
1700241695,3598.0,115.0,3673.0,13.0,3
1700241695,3630.0,97.0,3678.0,10.0,3
1700241695,3662.0,72.0,3683.0,8.0,3
1700241695,3668.0,67.0,3698.0,1.0,3
1700241695,3660.0,67.0,3707.0,0.0,3
1700241695,3662.0,64.0,3712.0,0.0,3
1700241695,3674.0,57.0,3714.0,0.0,3
1700241695,3679.0,55.0,3716.0,0.0,3
1700241695,3679.0,56.0,3717.0,0.0,3
1700241695,3689.0,52.0,3720.0,0.0,3
1700241695,3695.0,44.0,3721.0,0.0,3
1700241695,3697.0,41.0,3721.0,0.0,3
1700241695,3694.0,44.0,3721.0,0.0,3
1700241695,3698.0,45.0,3721.0,0.0,3
1700241695,3688.0,47.0,3721.0,0.0,3
1700241695,3574.0,91.0,3721.0,0.0,0
1700241695,3253.0,232.0,3721.0,0.0,0
1700241695,2955.0,380.0,3721.0,0.0,0
1700241695,2793.0,476.0,3721.0,0.0,3
1700241695,2730.0,513.0,3712.0,13.0,3
1700241695,2707.0,536.0,3674.0,59.0,3
1700241695,2690.0,544.0,3571.0,171.0,3
1700241695,2686.0,554.0,3410.0,324.0,3
1700241695,2680.0,558.0,3245.0,459.0,3
1700241695,2677.0,559.0,3115.0,553.0,3
1700241695,2679.0,559.0,3060.0,603.0,3
1700241695,2679.0,562.0,3035.0,631.0,3
1700241695,2679.0,564.0,3038.0,619.0,3
1700241695,2499.0,894.0,2587.0,998.0,3
1700241696,2493.0,902.0,2588.0,997.0,3
1700241696,2478.0,910.0,2580.0,985.0,3
1700241696,2458.0,908.0,2558.0,966.0,3
1700241696,2439.0,908.0,2541.0,955.0,3
1700241696,2422.0,908.0,2531.0,949.0,3
1700241696,2407.0,907.0,2531.0,949.0,3
1700241696,2394.0,904.0,2528.0,948.0,3
1700241696,2387.0,906.0,2521.0,948.0,3
1700241696,2382.0,911.0,2516.0,948.0,3
1700241696,2646.0,478.0,2110.0,405.0,3
1700241696,2606.0,437.0,2106.0,399.0,3
1700241696,2487.0,407.0,2104.0,397.0,3
1700241696,2345.0,400.0,2104.0,397.0,3
1700241696,2259.0,393.0,2104.0,397.0,3
1700241696,2210.0,386.0,2104.0,397.0,3
1700241696,2183.0,385.0,2104.0,397.0,0
1700241696,2165.0,385.0,2104.0,397.0,0
1700241696,2153.0,382.0,2104.0,397.0,0
1700241696,2142.0,383.0,2104.0,397.0,3
1700241696,2132.0,385.0,2104.0,397.0,3
1700241696,2127.0,385.0,2104.0,397.0,3
1700241696,2125.0,386.0,2104.0,397.0,3
1700241696,2124.0,387.0,2104.0,397.0,3
1700241696,2122.0,388.0,2104.0,397.0,3
1700241696,2120.0,387.0,2104.0,397.0,3
1700241696,2120.0,387.0,2104.0,397.0,3
1700241696,2120.0,387.0,2101.0,398.0,3
1700241696,2120.0,387.0,2101.0,398.0,3
1700241696,2120.0,388.0,2102.0,404.0,3
1700241696,2121.0,389.0,2102.0,406.0,3
1700241696,2120.0,388.0,2102.0,406.0,3
1700241696,2119.0,390.0,2102.0,406.0,0
1700241696,2117.0,391.0,2102.0,406.0,0
1700241696,2115.0,393.0,2102.0,406.0,0
1700241696,2114.0,396.0,2102.0,406.0,3
1700241696,2731.0,246.0,2105.0,406.0,3
1700241696,2825.0,225.0,2105.0,406.0,3
1700241696,2930.0,191.0,2105.0,406.0,3
1700241696,3003.0,163.0,2105.0,406.0,3
1700241696,3050.0,143.0,2105.0,406.0,3
1700241696,3073.0,136.0,2105.0,406.0,3
1700241696,3085.0,129.0,2105.0,406.0,3
1700241696,3095.0,125.0,2105.0,406.0,3
1700241696,3107.0,136.0,2105.0,406.0,3
1700241696,3080.0,147.0,2105.0,406.0,3
1700241696,3054.0,156.0,2105.0,406.0,3
1700241696,2992.0,176.0,2105.0,406.0,3
1700241696,2917.0,201.0,2105.0,406.0,3
1700241696,2857.0,222.0,2105.0,406.0,3
1700241696,2816.0,232.0,2105.0,406.0,3
1700241696,2794.0,238.0,2105.0,406.0,3
1700241696,2779.0,243.0,2105.0,406.0,3
1700241696,2769.0,245.0,2105.0,406.0,3
1700241696,2764.0,245.0,2105.0,406.0,3
1700241696,2761.0,246.0,2105.0,406.0,3
1700241696,2754.0,246.0,2105.0,406.0,3
1700241696,2745.0,249.0,2105.0,406.0,3
1700241696,2739.0,252.0,2105.0,406.0,3
1700241696,2734.0,255.0,2105.0,406.0,3
1700241696,3038.0,117.0,3285.0,55.0,3
1700241696,3054.0,111.0,3285.0,55.0,3
1700241696,3077.0,104.0,3285.0,55.0,3
1700241696,3099.0,97.0,3285.0,55.0,3
1700241696,3117.0,92.0,3285.0,55.0,3
1700241696,3131.0,88.0,3285.0,55.0,3
1700241696,3141.0,84.0,3285.0,55.0,3
1700241696,3149.0,82.0,3285.0,55.0,3
1700241696,3156.0,80.0,3285.0,55.0,3
1700241696,3161.0,78.0,3285.0,55.0,3
1700241696,3173.0,75.0,3285.0,55.0,3
1700241696,3184.0,74.0,3285.0,55.0,3
1700241696,3193.0,72.0,3285.0,55.0,3
1700241696,3199.0,72.0,3285.0,55.0,3
1700241696,3203.0,71.0,3285.0,55.0,3
1700241696,3206.0,72.0,3285.0,55.0,3
1700241696,3208.0,72.0,3285.0,55.0,3
1700241696,3209.0,72.0,3285.0,55.0,3
1700241696,3210.0,71.0,3285.0,55.0,3
1700241696,3212.0,71.0,3285.0,55.0,3
1700241696,3216.0,70.0,3285.0,55.0,3
1700241696,3220.0,69.0,3285.0,55.0,3
1700241696,3224.0,68.0,3285.0,55.0,3
1700241696,3227.0,67.0,3285.0,55.0,3
1700241696,3230.0,67.0,3285.0,55.0,3
1700241696,3232.0,66.0,3285.0,55.0,3
1700241696,2545.0,407.0,3275.0,55.0,3
1700241696,2445.0,451.0,3275.0,55.0,3
1700241696,2327.0,502.0,3275.0,55.0,3
1700241696,2244.0,536.0,3275.0,55.0,3
1700241696,2194.0,527.0,3275.0,55.0,3
1700241696,2167.0,491.0,3275.0,55.0,3
1700241696,2156.0,457.0,3275.0,55.0,3
1700241696,2146.0,440.0,3275.0,55.0,3
1700241696,2133.0,435.0,3275.0,55.0,3
1700241696,2128.0,427.0,3275.0,55.0,3
1700241696,2130.0,415.0,3275.0,55.0,3
1700241696,2161.0,399.0,3275.0,55.0,3
1700241696,2456.0,269.0,3275.0,55.0,3
1700241696,2587.0,201.0,3275.0,55.0,3
1700241696,2688.0,155.0,3275.0,55.0,3
1700241696,2743.0,128.0,3275.0,55.0,3
1700241696,2774.0,113.0,3275.0,55.0,3
1700241696,2793.0,104.0,3271.0,54.0,3
1700241696,2805.0,100.0,3206.0,59.0,3
1700241696,2811.0,96.0,3102.0,63.0,3
1700241696,2816.0,92.0,3061.0,63.0,3
1700241696,2819.0,89.0,3050.0,63.0,3
1700241696,2820.0,86.0,3040.0,64.0,3
1700241696,2822.0,85.0,2998.0,64.0,3
1700241696,2824.0,84.0,2960.0,63.0,3
1700241696,2825.0,82.0,2920.0,58.0,3
1700241696,2827.0,80.0,2905.0,55.0,3
1700241696,2827.0,80.0,2900.0,55.0,3
1700241696,2828.0,79.0,2893.0,54.0,3
1700241696,2828.0,79.0,2882.0,53.0,3
1700241696,2828.0,79.0,2872.0,50.0,3
1700241696,2827.0,79.0,2868.0,50.0,3
1700241696,2826.0,79.0,2865.0,49.0,3
1700241696,2826.0,79.0,2860.0,49.0,3
1700241696,2826.0,79.0,2856.0,49.0,3
1700241696,2824.0,80.0,2855.0,49.0,3
1700241696,2806.0,84.0,2855.0,49.0,3
1700241696,2783.0,84.0,2855.0,49.0,3
1700241696,2759.0,85.0,2855.0,49.0,0
1700241696,2738.0,87.0,2855.0,49.0,0
1700241696,2724.0,88.0,2855.0,49.0,0
1700241696,2714.0,88.0,2855.0,49.0,3
1700241696,2706.0,89.0,2847.0,49.0,3
1700241696,2699.0,90.0,2794.0,51.0,3
1700241696,2694.0,90.0,2729.0,51.0,3
1700241696,2691.0,91.0,2696.0,48.0,3
1700241696,2689.0,92.0,2691.0,48.0,3
1700241696,2687.0,93.0,2681.0,48.0,3
1700241696,2686.0,94.0,2675.0,48.0,3
1700241696,2684.0,95.0,2672.0,48.0,3
1700241696,2684.0,97.0,2671.0,48.0,3
1700241696,2212.0,594.0,2155.0,558.0,3
1700241696,2189.0,608.0,2155.0,558.0,3
1700241696,2158.0,626.0,2155.0,562.0,3
1700241696,2144.0,613.0,2155.0,563.0,3
1700241696,2141.0,563.0,2155.0,563.0,3
1700241696,2137.0,491.0,2155.0,563.0,3
1700241696,2131.0,429.0,2155.0,563.0,3
1700241696,2126.0,390.0,2155.0,563.0,3
1700241696,2125.0,362.0,2154.0,567.0,3
1700241696,2120.0,350.0,2150.0,575.0,3
1700241696,2116.0,340.0,2150.0,578.0,3
1700241696,2115.0,335.0,2150.0,578.0,3
1700241696,2114.0,331.0,2150.0,578.0,3
1700241696,2115.0,328.0,2150.0,578.0,3
1700241696,2117.0,328.0,2150.0,578.0,3
1700241696,2116.0,329.0,2150.0,578.0,3
1700241696,2111.0,335.0,2150.0,578.0,3
1700241696,2105.0,340.0,2150.0,580.0,3
1700241696,2099.0,345.0,2150.0,586.0,3
1700241696,2094.0,350.0,2154.0,591.0,3
1700241696,2088.0,355.0,2155.0,592.0,3
1700241696,2081.0,359.0,2155.0,592.0,3
1700241696,2075.0,361.0,2155.0,592.0,3
1700241696,2070.0,362.0,2155.0,592.0,3
1700241696,2064.0,366.0,2155.0,592.0,3
1700241696,2058.0,371.0,2155.0,592.0,3
1700241696,2056.0,375.0,2155.0,592.0,3
1700241696,2054.0,379.0,2155.0,592.0,3
1700241696,2052.0,383.0,2155.0,592.0,3
1700241696,2052.0,387.0,2155.0,592.0,3
1700241696,2052.0,389.0,2155.0,592.0,3
1700241696,2053.0,392.0,2155.0,592.0,3
1700241696,2052.0,395.0,2155.0,592.0,3
1700241696,2052.0,397.0,2155.0,592.0,3
1700241696,2053.0,400.0,2155.0,592.0,3
1700241696,2052.0,401.0,2155.0,592.0,3
1700241696,2052.0,401.0,2155.0,592.0,3
1700241696,2053.0,401.0,2155.0,592.0,3
1700241696,2053.0,401.0,2155.0,592.0,3
1700241696,2053.0,400.0,2155.0,592.0,3
1700241696,2053.0,400.0,2155.0,592.0,3
1700241696,2052.0,410.0,2155.0,592.0,3
1700241696,2053.0,473.0,2155.0,592.0,3
1700241696,2057.0,544.0,2155.0,592.0,3
1700241696,2061.0,598.0,2155.0,592.0,3
1700241696,2061.0,630.0,2155.0,592.0,3
1700241696,2062.0,644.0,2155.0,592.0,3
1700241696,2057.0,654.0,2155.0,592.0,3
1700241696,2057.0,659.0,2155.0,592.0,3
1700241696,2059.0,662.0,2155.0,592.0,3
1700241696,2059.0,666.0,2155.0,592.0,3
1700241696,2059.0,666.0,2155.0,592.0,3
1700241696,2061.0,666.0,2155.0,592.0,3
1700241696,2062.0,667.0,2155.0,592.0,3
1700241696,2061.0,669.0,2155.0,592.0,3
1700241696,2060.0,668.0,2155.0,592.0,3
1700241696,2059.0,667.0,2155.0,592.0,3
1700241696,2059.0,666.0,2155.0,592.0,3
1700241696,2059.0,666.0,2155.0,592.0,3
1700241696,2059.0,666.0,2162.0,588.0,3
1700241696,2058.0,665.0,2172.0,574.0,3
1700241696,2058.0,665.0,2185.0,564.0,3
1700241696,2058.0,665.0,2193.0,556.0,3
1700241696,2056.0,666.0,2202.0,557.0,3
1700241696,2052.0,668.0,2211.0,562.0,3
1700241696,2049.0,671.0,2218.0,567.0,3
1700241696,2043.0,675.0,2218.0,571.0,3
1700241696,2038.0,678.0,2218.0,571.0,3
1700241696,2033.0,682.0,2218.0,571.0,3
1700241696,2032.0,684.0,2218.0,572.0,3
1700241696,2030.0,686.0,2213.0,582.0,3
1700241696,2027.0,688.0,2207.0,595.0,3
1700241696,2025.0,690.0,2207.0,598.0,3
1700241696,2023.0,691.0,2205.0,602.0,3
1700241696,2022.0,691.0,2202.0,609.0,3
1700241696,2021.0,690.0,2194.0,621.0,3
1700241696,2133.0,287.0,2182.0,597.0,3
1700241696,2134.0,288.0,2182.0,597.0,3
1700241696,2136.0,288.0,2182.0,597.0,3
1700241696,2140.0,288.0,2182.0,597.0,3
1700241696,2144.0,288.0,2182.0,597.0,3
1700241696,2147.0,287.0,2182.0,597.0,3
1700241696,2149.0,287.0,2182.0,597.0,3
