1700242763,1302.0,879.0,706.0,488.0,3
1700242763,1334.0,791.0,706.0,488.0,3
1700242763,1312.0,887.0,706.0,488.0,3
1700242763,1320.0,800.0,706.0,488.0,3
1700242763,1303.0,889.0,706.0,488.0,3
1700242763,1305.0,887.0,706.0,488.0,3
1700242763,1317.0,785.0,706.0,488.0,3
1700242763,1309.0,882.0,706.0,488.0,3
1700242763,1325.0,780.0,706.0,488.0,3
1700242763,1308.0,871.0,706.0,488.0,3
1700242763,1305.0,861.0,706.0,488.0,3
1700242763,1277.0,832.0,706.0,488.0,3
1700242763,1205.0,698.0,706.0,488.0,3
1700242763,1257.0,822.0,706.0,488.0,3
1700242763,1255.0,818.0,706.0,488.0,3
1700242763,1265.0,810.0,706.0,488.0,3
1700242763,1272.0,807.0,706.0,488.0,3
1700242763,1272.0,803.0,706.0,488.0,3
1700242763,1270.0,807.0,706.0,488.0,3
1700242763,1277.0,814.0,706.0,488.0,3
1700242763,1284.0,820.0,706.0,488.0,3
1700242763,1271.0,746.0,706.0,488.0,3
1700242763,1292.0,834.0,706.0,488.0,3
1700242763,1296.0,766.0,706.0,488.0,3
1700242763,1324.0,863.0,706.0,488.0,3
1700242763,1343.0,792.0,706.0,488.0,3
1700242763,1358.0,804.0,706.0,488.0,3
1700242763,1247.0,942.0,706.0,488.0,3
1700242763,1350.0,807.0,706.0,488.0,3
1700242763,1358.0,814.0,706.0,488.0,3
1700242763,1230.0,898.0,706.0,488.0,3
1700242763,1351.0,808.0,706.0,488.0,3
1700242763,1240.0,880.0,706.0,488.0,3
1700242763,1245.0,870.0,706.0,488.0,3
1700242763,1342.0,796.0,706.0,488.0,3
1700242763,1251.0,846.0,706.0,488.0,3
1700242763,1260.0,844.0,706.0,488.0,3
1700242763,1339.0,785.0,706.0,488.0,3
1700242763,1336.0,784.0,706.0,488.0,3
1700242763,1277.0,840.0,706.0,488.0,3
1700242763,1275.0,836.0,706.0,488.0,3
1700242763,1273.0,832.0,706.0,488.0,3
1700242763,1279.0,838.0,706.0,488.0,3
1700242763,1318.0,785.0,706.0,488.0,3
1700242763,1316.0,791.0,706.0,488.0,3
1700242763,1313.0,802.0,706.0,488.0,3
1700242763,1312.0,815.0,706.0,488.0,3
1700242763,1352.0,954.0,706.0,488.0,3
1700242763,1316.0,810.0,706.0,488.0,3
1700242763,1382.0,965.0,706.0,488.0,3
1700242763,1322.0,810.0,706.0,488.0,3
1700242763,1420.0,991.0,706.0,488.0,3
1700242763,1431.0,994.0,706.0,488.0,3
1700242763,1428.0,977.0,706.0,488.0,3
1700242763,1426.0,963.0,706.0,488.0,3
1700242763,1426.0,951.0,706.0,488.0,3
1700242763,1418.0,939.0,706.0,488.0,3
1700242763,1407.0,931.0,706.0,488.0,3
1700242763,1403.0,925.0,706.0,488.0,3
1700242763,1397.0,919.0,706.0,488.0,3
1700242763,1394.0,918.0,706.0,488.0,3
1700242763,1362.0,808.0,706.0,488.0,3
1700242763,1360.0,821.0,706.0,488.0,3
1700242763,1363.0,914.0,706.0,488.0,3
1700242763,1235.0,883.0,706.0,488.0,3
1700242763,1239.0,899.0,706.0,488.0,3
1700242763,1238.0,876.0,706.0,488.0,3
1700242763,1238.0,844.0,706.0,488.0,3
1700242763,1220.0,791.0,706.0,488.0,3
1700242763,1234.0,755.0,706.0,488.0,3
1700242763,1207.0,723.0,706.0,488.0,3
1700242763,1222.0,730.0,706.0,488.0,3
1700242763,1224.0,713.0,706.0,488.0,3
1700242763,1279.0,792.0,706.0,488.0,3
1700242763,1287.0,790.0,706.0,488.0,3
1700242763,1282.0,722.0,706.0,488.0,3
1700242763,1289.0,778.0,706.0,488.0,3
1700242763,1296.0,726.0,706.0,488.0,3
1700242763,1296.0,785.0,706.0,488.0,3
1700242763,1304.0,793.0,706.0,488.0,3
1700242764,1311.0,798.0,706.0,488.0,3
1700242764,1309.0,805.0,706.0,488.0,3
1700242764,1311.0,811.0,706.0,488.0,3
1700242764,1309.0,810.0,706.0,488.0,3
1700242764,1295.0,754.0,706.0,488.0,3
1700242764,1298.0,754.0,706.0,488.0,3
1700242764,1304.0,802.0,706.0,488.0,3
1700242764,1302.0,801.0,706.0,488.0,3
1700242764,1303.0,798.0,706.0,488.0,3
1700242764,1305.0,797.0,706.0,488.0,3
1700242764,1310.0,796.0,706.0,488.0,3
1700242764,1317.0,796.0,706.0,488.0,3
1700242764,1317.0,797.0,706.0,488.0,3
1700242764,1317.0,794.0,706.0,488.0,3
1700242764,1312.0,786.0,706.0,488.0,3
1700242764,1316.0,778.0,706.0,488.0,3
1700242764,1303.0,765.0,706.0,488.0,3
1700242764,1301.0,744.0,706.0,488.0,3
1700242764,1346.0,675.0,706.0,488.0,3
1700242764,1410.0,450.0,706.0,488.0,3
1700242764,1440.0,267.0,706.0,488.0,3
1700242764,1452.0,195.0,706.0,488.0,3
1700242764,1455.0,160.0,706.0,488.0,3
1700242764,1459.0,146.0,706.0,488.0,3
1700242764,1459.0,139.0,706.0,488.0,3
1700242764,1461.0,136.0,706.0,488.0,3
1700242764,1462.0,136.0,706.0,488.0,3
1700242764,1464.0,135.0,706.0,488.0,3
1700242764,1463.0,135.0,706.0,488.0,3
1700242764,1464.0,133.0,706.0,488.0,3
1700242764,1465.0,133.0,706.0,488.0,3
1700242764,1466.0,135.0,706.0,488.0,3
1700242764,1467.0,134.0,706.0,488.0,3
1700242764,1468.0,133.0,706.0,488.0,3
1700242764,1468.0,132.0,706.0,488.0,3
1700242764,1485.0,127.0,706.0,488.0,3
1700242764,1159.0,701.0,706.0,488.0,3
1700242764,1133.0,796.0,706.0,488.0,3
1700242764,1110.0,898.0,706.0,488.0,3
1700242764,1147.0,911.0,706.0,488.0,3
1700242764,1141.0,885.0,706.0,488.0,3
1700242764,1194.0,767.0,706.0,488.0,3
1700242764,1162.0,744.0,706.0,488.0,3
1700242764,1115.0,695.0,706.0,488.0,3
1700242764,1075.0,637.0,706.0,488.0,3
1700242764,1049.0,595.0,706.0,488.0,3
1700242764,1033.0,567.0,706.0,488.0,3
1700242764,1024.0,560.0,706.0,488.0,3
1700242764,1020.0,556.0,706.0,488.0,3
1700242764,1015.0,553.0,706.0,488.0,3
1700242764,1013.0,555.0,706.0,488.0,3
1700242764,1009.0,555.0,706.0,488.0,3
1700242764,1006.0,554.0,706.0,488.0,3
1700242764,1007.0,555.0,706.0,488.0,3
1700242764,1008.0,553.0,706.0,488.0,3
1700242764,1010.0,551.0,706.0,488.0,3
1700242764,1011.0,551.0,706.0,488.0,3
1700242764,1013.0,551.0,706.0,488.0,3
1700242764,1012.0,550.0,706.0,488.0,3
1700242764,1010.0,549.0,706.0,488.0,3
1700242764,1008.0,549.0,706.0,488.0,3
1700242764,1007.0,548.0,706.0,488.0,3
1700242764,1008.0,547.0,706.0,488.0,3
1700242764,1009.0,547.0,706.0,488.0,3
1700242764,1023.0,557.0,706.0,488.0,3
1700242764,1273.0,801.0,706.0,488.0,3
1700242764,1272.0,800.0,706.0,488.0,3
1700242764,1274.0,796.0,706.0,488.0,3
1700242764,1278.0,793.0,706.0,488.0,3
1700242764,1245.0,706.0,706.0,488.0,3
1700242764,1252.0,708.0,706.0,488.0,3
1700242764,1249.0,709.0,706.0,488.0,3
1700242764,1246.0,709.0,706.0,488.0,3
1700242764,1243.0,710.0,706.0,488.0,3
1700242764,1261.0,785.0,706.0,488.0,3
1700242764,1247.0,786.0,706.0,488.0,3
1700242764,1246.0,775.0,706.0,488.0,3
1700242764,1207.0,752.0,706.0,488.0,3
1700242764,1159.0,703.0,706.0,488.0,3
1700242764,1109.0,640.0,706.0,488.0,3
1700242764,1074.0,600.0,706.0,488.0,3
1700242764,1055.0,582.0,706.0,488.0,3
1700242764,1027.0,574.0,706.0,488.0,3
1700242764,1014.0,569.0,706.0,488.0,3
1700242764,1008.0,564.0,706.0,488.0,3
1700242764,1001.0,567.0,706.0,488.0,3
1700242764,1000.0,563.0,706.0,488.0,3
1700242764,1000.0,557.0,706.0,488.0,3
1700242764,1002.0,554.0,706.0,488.0,3
1700242764,1003.0,551.0,706.0,488.0,3
1700242764,1001.0,551.0,706.0,488.0,3
1700242764,998.0,549.0,706.0,488.0,3
1700242764,999.0,550.0,706.0,488.0,3
1700242764,1002.0,554.0,706.0,488.0,3
1700242764,1008.0,563.0,706.0,488.0,3
1700242764,1019.0,575.0,706.0,488.0,3
1700242764,1034.0,585.0,706.0,488.0,3
1700242764,1211.0,802.0,706.0,488.0,3
1700242764,1213.0,800.0,706.0,488.0,3
1700242764,1215.0,801.0,706.0,488.0,3
1700242764,1387.0,1136.0,706.0,488.0,3
1700242764,1234.0,814.0,706.0,488.0,3
1700242764,1243.0,825.0,706.0,488.0,3
1700242764,1249.0,847.0,706.0,488.0,3
1700242764,1268.0,856.0,706.0,488.0,3
1700242764,1276.0,860.0,706.0,488.0,3
1700242764,1287.0,867.0,706.0,488.0,3
1700242764,1284.0,859.0,706.0,488.0,3
1700242764,1164.0,1223.0,706.0,488.0,3
1700242764,1277.0,855.0,706.0,488.0,3
1700242764,1175.0,1187.0,706.0,488.0,3
1700242764,1241.0,1145.0,706.0,488.0,3
1700242764,1284.0,848.0,706.0,488.0,3
1700242764,1282.0,840.0,706.0,488.0,3
1700242764,1282.0,832.0,706.0,488.0,3
1700242764,1279.0,824.0,706.0,488.0,3
1700242764,1274.0,811.0,706.0,488.0,3
1700242764,1293.0,986.0,706.0,488.0,3
1700242764,1283.0,943.0,706.0,488.0,3
1700242764,1266.0,894.0,706.0,488.0,3
1700242764,1263.0,873.0,706.0,488.0,3
1700242764,1265.0,853.0,706.0,488.0,3
1700242764,1245.0,818.0,706.0,488.0,3
1700242764,1234.0,801.0,706.0,488.0,3
1700242764,1243.0,804.0,706.0,488.0,3
1700242764,1255.0,805.0,706.0,488.0,3
1700242764,1267.0,816.0,706.0,488.0,3
1700242764,1257.0,811.0,706.0,488.0,3
1700242764,1230.0,803.0,706.0,488.0,3
1700242764,1226.0,801.0,706.0,488.0,3
1700242764,1234.0,812.0,706.0,488.0,3
1700242764,1234.0,831.0,706.0,488.0,3
1700242764,1249.0,849.0,706.0,488.0,3
1700242764,1258.0,855.0,706.0,488.0,3
1700242764,1252.0,819.0,706.0,488.0,3
1700242764,1266.0,865.0,706.0,488.0,3
1700242764,1269.0,863.0,706.0,488.0,3
1700242764,1266.0,860.0,706.0,488.0,3
1700242764,1278.0,822.0,706.0,488.0,3
1700242764,1274.0,866.0,706.0,488.0,3
1700242764,1284.0,871.0,706.0,488.0,3
1700242764,1293.0,827.0,706.0,488.0,3
1700242764,1303.0,832.0,706.0,488.0,3
1700242764,1326.0,902.0,706.0,488.0,3
1700242764,1337.0,913.0,706.0,488.0,3
1700242764,1342.0,922.0,706.0,488.0,3
1700242764,1351.0,929.0,706.0,488.0,3
1700242764,1356.0,932.0,706.0,488.0,3
1700242764,1349.0,939.0,706.0,488.0,3
1700242764,1326.0,936.0,706.0,488.0,3
1700242764,1282.0,795.0,706.0,488.0,3
1700242764,1270.0,787.0,706.0,488.0,3
1700242764,1257.0,781.0,706.0,488.0,3
1700242764,1327.0,979.0,706.0,488.0,3
1700242764,1326.0,981.0,706.0,488.0,3
1700242764,1271.0,758.0,706.0,488.0,3
1700242764,1271.0,754.0,706.0,488.0,3
1700242764,1271.0,749.0,706.0,488.0,3
1700242764,1334.0,934.0,706.0,488.0,3
1700242764,1329.0,913.0,706.0,488.0,3
1700242764,1316.0,874.0,706.0,488.0,3
1700242764,1310.0,843.0,706.0,488.0,3
1700242764,1144.0,536.0,706.0,488.0,3
1700242764,1137.0,538.0,706.0,488.0,3
1700242764,1133.0,538.0,706.0,488.0,3
1700242764,1136.0,538.0,706.0,488.0,3
1700242764,1141.0,538.0,706.0,488.0,3
1700242764,1148.0,535.0,706.0,488.0,3
1700242764,1148.0,535.0,706.0,488.0,3
1700242764,1149.0,536.0,706.0,488.0,3
1700242764,1149.0,536.0,706.0,488.0,3
1700242764,1150.0,537.0,706.0,488.0,3
1700242764,1150.0,538.0,706.0,488.0,3
1700242764,1151.0,540.0,706.0,488.0,3
1700242764,1139.0,541.0,706.0,488.0,3
1700242764,1057.0,542.0,706.0,488.0,3
1700242764,931.0,546.0,706.0,488.0,3
1700242764,833.0,542.0,706.0,488.0,3
1700242764,765.0,539.0,706.0,488.0,3
1700242764,729.0,539.0,706.0,488.0,3
1700242764,701.0,539.0,706.0,488.0,3
1700242764,688.0,542.0,706.0,488.0,3
1700242764,680.0,544.0,706.0,488.0,3
1700242764,674.0,542.0,706.0,488.0,3
1700242764,669.0,542.0,706.0,488.0,3
1700242764,668.0,542.0,706.0,488.0,3
1700242764,667.0,542.0,706.0,488.0,3
1700242764,667.0,541.0,706.0,488.0,3
1700242764,667.0,541.0,706.0,488.0,3
1700242764,665.0,541.0,706.0,488.0,3
1700242764,665.0,541.0,706.0,488.0,3
1700242764,665.0,540.0,706.0,488.0,3
1700242764,600.0,690.0,706.0,488.0,3
1700242764,583.0,718.0,706.0,488.0,3
1700242764,590.0,742.0,706.0,488.0,3
1700242764,604.0,709.0,706.0,488.0,3
1700242764,614.0,715.0,706.0,488.0,3
1700242764,641.0,727.0,706.0,488.0,3
1700242764,603.0,694.0,706.0,488.0,3
1700242764,729.0,787.0,706.0,488.0,3
1700242764,699.0,795.0,706.0,488.0,3
1700242764,581.0,681.0,706.0,488.0,3
1700242764,583.0,680.0,706.0,488.0,3
1700242764,619.0,781.0,706.0,488.0,3
1700242764,595.0,682.0,706.0,488.0,3
1700242764,598.0,677.0,706.0,488.0,3
1700242764,717.0,791.0,706.0,488.0,3
1700242764,752.0,801.0,706.0,488.0,3
1700242764,694.0,733.0,706.0,488.0,3
1700242764,746.0,836.0,706.0,488.0,3
1700242764,736.0,826.0,706.0,488.0,3
1700242764,721.0,801.0,706.0,488.0,3
1700242764,716.0,834.0,706.0,488.0,3
1700242764,727.0,853.0,706.0,488.0,3
1700242764,731.0,847.0,706.0,488.0,3
1700242764,734.0,815.0,706.0,488.0,3
1700242764,745.0,722.0,706.0,488.0,3
1700242764,710.0,734.0,706.0,488.0,3
1700242764,726.0,681.0,706.0,488.0,3
1700242764,683.0,716.0,706.0,488.0,3
1700242764,702.0,715.0,706.0,488.0,3
1700242764,698.0,707.0,706.0,488.0,3
1700242764,725.0,665.0,706.0,488.0,3
1700242764,614.0,770.0,706.0,488.0,3
1700242764,676.0,648.0,706.0,488.0,3
1700242764,700.0,649.0,706.0,488.0,3
1700242764,647.0,725.0,706.0,488.0,3
1700242764,651.0,729.0,706.0,488.0,3
1700242764,646.0,733.0,706.0,488.0,3
1700242764,646.0,743.0,706.0,488.0,3
1700242764,1101.0,112.0,706.0,488.0,3
1700242764,1100.0,112.0,706.0,488.0,3
1700242764,1099.0,113.0,706.0,488.0,3
1700242764,1097.0,115.0,706.0,488.0,3
1700242764,1071.0,136.0,706.0,488.0,3
1700242764,724.0,632.0,706.0,488.0,3
1700242764,724.0,614.0,706.0,488.0,3
1700242764,717.0,603.0,706.0,488.0,3
1700242764,717.0,592.0,706.0,488.0,3
1700242764,723.0,580.0,706.0,488.0,3
1700242764,721.0,572.0,706.0,488.0,3
1700242764,720.0,567.0,706.0,488.0,3
1700242764,721.0,564.0,706.0,488.0,3
1700242764,728.0,570.0,706.0,488.0,3
1700242764,733.0,576.0,706.0,488.0,3
1700242764,737.0,581.0,706.0,488.0,3
1700242764,739.0,587.0,706.0,488.0,3
1700242764,787.0,596.0,706.0,488.0,3
1700242764,732.0,615.0,706.0,488.0,3
1700242764,732.0,604.0,706.0,488.0,3
1700242764,730.0,597.0,706.0,488.0,3
1700242764,731.0,591.0,706.0,488.0,3
1700242764,729.0,590.0,706.0,488.0,3
1700242764,727.0,587.0,706.0,488.0,3
1700242764,725.0,581.0,706.0,488.0,3
1700242764,724.0,574.0,706.0,488.0,3
1700242764,723.0,569.0,706.0,488.0,3
1700242764,717.0,560.0,706.0,488.0,3
1700242764,718.0,555.0,706.0,488.0,3
1700242764,721.0,554.0,706.0,488.0,3
1700242764,721.0,552.0,706.0,488.0,3
1700242764,724.0,546.0,706.0,488.0,3
1700242764,724.0,539.0,706.0,488.0,3
1700242764,721.0,536.0,706.0,488.0,3
1700242764,725.0,541.0,706.0,488.0,3
1700242764,729.0,549.0,706.0,488.0,3
1700242764,735.0,563.0,706.0,488.0,3
1700242764,742.0,579.0,706.0,488.0,3
1700242764,748.0,593.0,706.0,488.0,3
1700242764,751.0,604.0,706.0,488.0,3
1700242764,753.0,611.0,706.0,488.0,3
1700242764,754.0,615.0,706.0,488.0,3
1700242764,756.0,620.0,706.0,488.0,3
1700242764,756.0,624.0,706.0,488.0,3
1700242764,757.0,626.0,706.0,488.0,3
1700242764,760.0,629.0,706.0,488.0,3
1700242764,763.0,630.0,706.0,488.0,3
1700242764,765.0,633.0,706.0,488.0,3
1700242764,767.0,633.0,706.0,488.0,3
1700242764,768.0,633.0,706.0,488.0,3
1700242764,769.0,633.0,706.0,488.0,3
1700242764,770.0,633.0,706.0,488.0,3
1700242764,771.0,632.0,706.0,488.0,3
1700242764,772.0,632.0,706.0,488.0,3
1700242764,772.0,632.0,706.0,488.0,3
1700242764,772.0,630.0,706.0,488.0,3
1700242764,772.0,629.0,706.0,488.0,3
1700242764,743.0,862.0,706.0,488.0,3
1700242764,736.0,854.0,706.0,488.0,3
1700242764,736.0,852.0,706.0,488.0,3
1700242764,748.0,840.0,706.0,488.0,3
1700242764,746.0,824.0,706.0,488.0,3
1700242764,745.0,829.0,706.0,488.0,3
1700242764,745.0,805.0,706.0,488.0,3
1700242764,722.0,798.0,706.0,488.0,3
1700242764,724.0,904.0,706.0,488.0,3
1700242764,711.0,755.0,706.0,488.0,3
1700242764,730.0,723.0,706.0,488.0,3
1700242764,696.0,954.0,706.0,488.0,3
1700242764,708.0,744.0,706.0,488.0,3
1700242764,697.0,762.0,706.0,488.0,3
1700242764,700.0,777.0,706.0,488.0,3
1700242764,763.0,946.0,706.0,488.0,3
1700242764,716.0,791.0,706.0,488.0,3
1700242764,746.0,800.0,706.0,488.0,3
1700242764,800.0,799.0,706.0,488.0,3
1700242764,826.0,806.0,706.0,488.0,3
1700242764,801.0,821.0,706.0,488.0,3
1700242764,776.0,839.0,706.0,488.0,3
1700242764,757.0,848.0,706.0,488.0,3
1700242764,733.0,860.0,706.0,488.0,3
1700242764,794.0,871.0,706.0,488.0,3
1700242764,767.0,964.0,706.0,488.0,3
1700242764,769.0,886.0,706.0,488.0,3
1700242764,748.0,952.0,706.0,488.0,3
1700242764,733.0,952.0,706.0,488.0,3
1700242764,729.0,940.0,706.0,488.0,3
1700242764,841.0,841.0,706.0,488.0,3
1700242764,710.0,919.0,706.0,488.0,3
1700242764,703.0,896.0,706.0,488.0,3
1700242764,749.0,860.0,706.0,488.0,3
1700242764,963.0,729.0,706.0,488.0,3
1700242764,787.0,819.0,706.0,488.0,3
1700242764,817.0,803.0,706.0,488.0,3
1700242764,788.0,814.0,706.0,488.0,3
1700242764,775.0,831.0,706.0,488.0,3
1700242764,774.0,838.0,706.0,488.0,3
1700242764,777.0,837.0,706.0,488.0,3
1700242764,773.0,840.0,706.0,488.0,3
1700242764,767.0,840.0,706.0,488.0,3
1700242764,758.0,833.0,706.0,488.0,3
1700242764,763.0,830.0,706.0,488.0,3
1700242764,867.0,749.0,706.0,488.0,3
1700242764,758.0,828.0,706.0,488.0,3
1700242764,756.0,821.0,706.0,488.0,3
1700242764,875.0,744.0,706.0,488.0,3
1700242764,765.0,820.0,706.0,488.0,3
1700242764,893.0,709.0,706.0,488.0,3
1700242764,764.0,802.0,706.0,488.0,3
1700242764,762.0,813.0,706.0,488.0,3
1700242764,888.0,721.0,706.0,488.0,3
1700242764,902.0,723.0,706.0,488.0,3
1700242764,924.0,724.0,706.0,488.0,3
1700242764,932.0,735.0,706.0,488.0,3
1700242764,940.0,735.0,706.0,488.0,3
1700242764,780.0,819.0,706.0,488.0,3
1700242764,769.0,818.0,706.0,488.0,3
1700242764,890.0,742.0,706.0,488.0,3
1700242764,757.0,820.0,706.0,488.0,3
1700242764,777.0,822.0,706.0,488.0,3
1700242764,906.0,758.0,706.0,488.0,3
1700242764,930.0,757.0,706.0,488.0,3
1700242764,789.0,860.0,706.0,488.0,3
1700242764,893.0,689.0,706.0,488.0,3
1700242764,965.0,804.0,706.0,488.0,3
1700242764,888.0,686.0,706.0,488.0,3
1700242764,883.0,687.0,706.0,488.0,3
1700242764,968.0,857.0,706.0,488.0,3
1700242764,932.0,897.0,706.0,488.0,3
1700242764,897.0,849.0,706.0,488.0,3
1700242764,891.0,821.0,706.0,488.0,3
1700242764,879.0,777.0,706.0,488.0,3
1700242764,846.0,737.0,706.0,488.0,3
1700242764,810.0,732.0,706.0,488.0,3
1700242764,780.0,711.0,706.0,488.0,3
1700242764,797.0,720.0,706.0,488.0,3
1700242764,774.0,708.0,706.0,488.0,3
1700242764,814.0,703.0,706.0,488.0,3
1700242764,821.0,712.0,706.0,488.0,3
1700242764,808.0,693.0,706.0,488.0,3
1700242764,812.0,702.0,706.0,488.0,3
1700242764,819.0,705.0,706.0,488.0,3
1700242764,812.0,704.0,706.0,488.0,3
1700242764,815.0,705.0,706.0,488.0,3
1700242764,775.0,814.0,706.0,488.0,3
1700242764,795.0,719.0,706.0,488.0,3
1700242764,849.0,884.0,706.0,488.0,3
1700242764,824.0,712.0,706.0,488.0,3
1700242764,888.0,702.0,706.0,488.0,3
1700242764,876.0,902.0,706.0,488.0,3
1700242764,965.0,690.0,706.0,488.0,3
1700242764,950.0,684.0,706.0,488.0,3
1700242764,942.0,674.0,706.0,488.0,3
1700242764,936.0,671.0,706.0,488.0,3
1700242764,925.0,653.0,706.0,488.0,3
1700242764,927.0,641.0,706.0,488.0,3
1700242764,920.0,638.0,706.0,488.0,3
1700242764,911.0,650.0,706.0,488.0,3
1700242764,912.0,651.0,706.0,488.0,3
1700242764,922.0,651.0,706.0,488.0,3
1700242764,944.0,664.0,706.0,488.0,3
1700242764,964.0,694.0,706.0,488.0,3
1700242764,1011.0,710.0,706.0,488.0,3
1700242764,1036.0,701.0,706.0,488.0,3
1700242764,1017.0,692.0,706.0,488.0,3
1700242764,1001.0,685.0,706.0,488.0,3
1700242764,784.0,884.0,706.0,488.0,3
1700242764,975.0,676.0,706.0,488.0,3
1700242764,979.0,683.0,706.0,488.0,3
1700242764,977.0,683.0,706.0,488.0,3
1700242764,779.0,883.0,706.0,488.0,3
1700242764,978.0,689.0,706.0,488.0,3
1700242764,980.0,683.0,706.0,488.0,3
1700242764,982.0,677.0,706.0,488.0,3
1700242764,977.0,679.0,706.0,488.0,3
1700242764,798.0,864.0,706.0,488.0,3
1700242764,970.0,680.0,706.0,488.0,3
1700242764,975.0,681.0,706.0,488.0,3
1700242764,978.0,1343.0,706.0,488.0,3
1700242764,1068.0,825.0,706.0,488.0,3
1700242764,1110.0,864.0,706.0,488.0,3
1700242764,1134.0,875.0,706.0,488.0,3
1700242764,1147.0,880.0,706.0,488.0,3
1700242764,1180.0,900.0,706.0,488.0,3
1700242764,1201.0,935.0,706.0,488.0,3
1700242764,1208.0,932.0,706.0,488.0,3
1700242764,1135.0,779.0,706.0,488.0,3
1700242764,1123.0,780.0,706.0,488.0,3
1700242764,1122.0,778.0,706.0,488.0,3
1700242764,1117.0,770.0,706.0,488.0,3
1700242764,1096.0,763.0,706.0,488.0,3
1700242764,1066.0,734.0,706.0,488.0,3
1700242764,1024.0,702.0,706.0,488.0,3
1700242764,1016.0,791.0,706.0,488.0,3
1700242764,979.0,718.0,706.0,488.0,3
1700242764,952.0,659.0,706.0,488.0,3
1700242764,929.0,625.0,706.0,488.0,3
1700242764,918.0,610.0,706.0,488.0,3
1700242764,912.0,603.0,706.0,488.0,3
1700242764,908.0,598.0,706.0,488.0,3
1700242764,905.0,594.0,706.0,488.0,3
1700242764,910.0,602.0,706.0,488.0,3
1700242764,915.0,613.0,706.0,488.0,3
1700242764,917.0,618.0,706.0,488.0,3
1700242764,918.0,623.0,706.0,488.0,3
1700242764,921.0,628.0,706.0,488.0,3
1700242764,924.0,632.0,706.0,488.0,3
1700242764,929.0,635.0,706.0,488.0,3
1700242764,933.0,641.0,706.0,488.0,3
1700242764,937.0,646.0,706.0,488.0,3
1700242764,940.0,649.0,706.0,488.0,3
1700242764,943.0,650.0,706.0,488.0,3
1700242764,948.0,651.0,706.0,488.0,3
1700242764,948.0,652.0,706.0,488.0,3
1700242764,949.0,656.0,706.0,488.0,3
1700242764,950.0,657.0,706.0,488.0,3
1700242764,949.0,656.0,706.0,488.0,3
1700242764,950.0,657.0,706.0,488.0,3
1700242764,949.0,657.0,706.0,488.0,3
1700242764,981.0,657.0,706.0,488.0,3
1700242764,1157.0,880.0,706.0,488.0,3
1700242764,1162.0,885.0,706.0,488.0,3
1700242764,1285.0,949.0,706.0,488.0,3
1700242764,1286.0,939.0,706.0,488.0,3
1700242764,1298.0,839.0,706.0,488.0,3
1700242764,1226.0,776.0,706.0,488.0,3
1700242764,1202.0,822.0,706.0,488.0,3
1700242764,1215.0,805.0,706.0,488.0,3
1700242764,1246.0,771.0,706.0,488.0,3
1700242764,1250.0,763.0,706.0,488.0,3
1700242764,1244.0,754.0,706.0,488.0,3
1700242764,1249.0,755.0,706.0,488.0,3
1700242764,1230.0,820.0,706.0,488.0,3
1700242764,1233.0,826.0,706.0,488.0,3
1700242764,1231.0,829.0,706.0,488.0,3
1700242764,1229.0,829.0,706.0,488.0,3
1700242764,1248.0,759.0,706.0,488.0,3
1700242764,1233.0,854.0,706.0,488.0,3
1700242764,1236.0,752.0,706.0,488.0,3
1700242764,1238.0,848.0,706.0,488.0,3
1700242764,1232.0,743.0,706.0,488.0,3
1700242764,1239.0,742.0,706.0,488.0,3
1700242764,1370.0,968.0,706.0,488.0,3
1700242764,1411.0,1008.0,706.0,488.0,3
1700242764,1407.0,994.0,706.0,488.0,3
1700242764,1397.0,987.0,706.0,488.0,3
1700242764,1399.0,988.0,706.0,488.0,3
1700242764,1287.0,807.0,706.0,488.0,3
1700242764,1377.0,986.0,706.0,488.0,3
1700242764,1376.0,984.0,706.0,488.0,3
1700242764,1377.0,983.0,706.0,488.0,3
1700242764,1354.0,847.0,706.0,488.0,3
1700242764,1370.0,986.0,706.0,488.0,3
1700242764,1368.0,983.0,706.0,488.0,3
1700242764,1368.0,979.0,706.0,488.0,3
1700242764,1364.0,854.0,706.0,488.0,3
1700242764,1366.0,975.0,706.0,488.0,3
1700242764,1350.0,856.0,706.0,488.0,3
1700242764,1349.0,856.0,706.0,488.0,3
1700242764,1344.0,853.0,706.0,488.0,3
1700242764,1342.0,848.0,706.0,488.0,3
1700242764,1347.0,847.0,706.0,488.0,3
1700242764,1344.0,847.0,706.0,488.0,3
1700242764,1357.0,941.0,706.0,488.0,3
1700242764,1357.0,935.0,706.0,488.0,3
1700242764,1352.0,931.0,706.0,488.0,3
1700242764,1346.0,930.0,706.0,488.0,3
1700242764,1349.0,930.0,706.0,488.0,3
1700242764,1353.0,930.0,706.0,488.0,3
1700242764,1357.0,843.0,706.0,488.0,3
1700242764,1353.0,845.0,706.0,488.0,3
1700242764,1353.0,846.0,706.0,488.0,3
1700242764,1353.0,986.0,706.0,488.0,3
1700242764,1352.0,966.0,706.0,488.0,3
1700242764,1343.0,950.0,706.0,488.0,3
1700242764,1343.0,942.0,706.0,488.0,3
1700242764,1329.0,939.0,706.0,488.0,3
1700242764,1311.0,924.0,706.0,488.0,3
1700242764,1277.0,884.0,706.0,488.0,3
1700242764,1250.0,854.0,706.0,488.0,3
1700242764,1345.0,942.0,706.0,488.0,3
1700242765,1286.0,853.0,706.0,488.0,3
1700242765,1259.0,825.0,706.0,488.0,3
1700242765,1310.0,904.0,706.0,488.0,3
1700242765,1200.0,772.0,706.0,488.0,3
1700242765,1155.0,722.0,706.0,488.0,3
1700242765,1160.0,716.0,706.0,488.0,3
1700242765,1165.0,716.0,706.0,488.0,3
1700242765,1109.0,714.0,706.0,488.0,3
1700242765,1102.0,724.0,706.0,488.0,3
1700242765,1075.0,707.0,706.0,488.0,3
1700242765,1023.0,690.0,706.0,488.0,3
1700242765,927.0,671.0,706.0,488.0,3
1700242765,961.0,800.0,706.0,488.0,3
1700242765,920.0,920.0,706.0,488.0,3
1700242765,851.0,921.0,706.0,488.0,3
1700242765,1002.0,727.0,706.0,488.0,3
1700242765,969.0,940.0,706.0,488.0,3
1700242765,974.0,938.0,706.0,488.0,3
1700242765,966.0,936.0,706.0,488.0,3
1700242765,972.0,931.0,706.0,488.0,3
1700242765,859.0,734.0,706.0,488.0,3
1700242765,1072.0,562.0,706.0,488.0,3
1700242765,1069.0,562.0,706.0,488.0,3
1700242765,1069.0,562.0,706.0,488.0,3
1700242765,1070.0,559.0,706.0,488.0,3
1700242765,1071.0,558.0,706.0,488.0,3
1700242765,1070.0,557.0,706.0,488.0,3
1700242765,1070.0,556.0,706.0,488.0,3
1700242765,1101.0,565.0,706.0,488.0,3
1700242765,1089.0,598.0,706.0,488.0,3
1700242765,1073.0,587.0,706.0,488.0,3
1700242765,1065.0,580.0,706.0,488.0,3
1700242765,1061.0,576.0,706.0,488.0,3
1700242765,1059.0,577.0,706.0,488.0,3
1700242765,1058.0,574.0,706.0,488.0,3
1700242765,1060.0,569.0,706.0,488.0,3
1700242765,1062.0,565.0,706.0,488.0,3
1700242765,1065.0,559.0,706.0,488.0,3
1700242765,1066.0,553.0,706.0,488.0,3
1700242765,1067.0,551.0,706.0,488.0,3
1700242765,1069.0,550.0,706.0,488.0,3
1700242765,1068.0,548.0,706.0,488.0,3
1700242765,1069.0,548.0,706.0,488.0,3
1700242765,1069.0,545.0,706.0,488.0,3
1700242765,1068.0,544.0,706.0,488.0,3
1700242765,1067.0,544.0,706.0,488.0,3
1700242765,1103.0,530.0,706.0,488.0,3
1700242765,1706.0,215.0,706.0,488.0,3
1700242765,1703.0,214.0,706.0,488.0,3
1700242765,1704.0,212.0,706.0,488.0,3
1700242765,1705.0,210.0,706.0,488.0,3
1700242765,1706.0,209.0,706.0,488.0,3
1700242765,1706.0,208.0,706.0,488.0,3
1700242765,1707.0,207.0,706.0,488.0,3
1700242765,1706.0,208.0,706.0,488.0,3
1700242765,1707.0,210.0,706.0,488.0,3
1700242765,1710.0,210.0,706.0,488.0,3
1700242765,1712.0,210.0,706.0,488.0,3
1700242765,1712.0,209.0,706.0,488.0,3
1700242765,1713.0,207.0,706.0,488.0,3
1700242765,1713.0,205.0,706.0,488.0,3
1700242765,1713.0,204.0,706.0,488.0,3
1700242765,1713.0,203.0,706.0,488.0,3
1700242765,1714.0,202.0,706.0,488.0,3
1700242765,1714.0,202.0,706.0,488.0,3
1700242765,1701.0,204.0,706.0,488.0,3
1700242765,1604.0,245.0,706.0,488.0,3
1700242765,1377.0,376.0,706.0,488.0,3
1700242765,1214.0,468.0,706.0,488.0,3
1700242765,1136.0,511.0,706.0,488.0,3
1700242765,1093.0,539.0,706.0,488.0,3
1700242765,1082.0,541.0,706.0,488.0,3
1700242765,1076.0,537.0,706.0,488.0,3
1700242765,1073.0,539.0,706.0,488.0,3
1700242765,1068.0,547.0,706.0,488.0,3
1700242765,1062.0,557.0,706.0,488.0,3
1700242765,1060.0,564.0,706.0,488.0,3
1700242765,1065.0,563.0,706.0,488.0,3
1700242765,1074.0,562.0,706.0,488.0,3
1700242765,1069.0,570.0,706.0,488.0,3
1700242765,1063.0,576.0,706.0,488.0,3
1700242765,1059.0,580.0,706.0,488.0,3
1700242765,1063.0,592.0,706.0,488.0,3
1700242765,1082.0,597.0,706.0,488.0,3
1700242765,1103.0,597.0,706.0,488.0,3
1700242765,1106.0,607.0,706.0,488.0,3
1700242765,1107.0,613.0,706.0,488.0,3
1700242765,1106.0,619.0,706.0,488.0,3
1700242765,1107.0,626.0,706.0,488.0,3
1700242765,1107.0,634.0,706.0,488.0,3
1700242765,1111.0,640.0,706.0,488.0,3
1700242765,1116.0,647.0,706.0,488.0,3
1700242765,1120.0,654.0,706.0,488.0,3
1700242765,1123.0,656.0,706.0,488.0,3
1700242765,1125.0,654.0,706.0,488.0,3
1700242765,1127.0,653.0,706.0,488.0,3
1700242765,1129.0,653.0,706.0,488.0,3
1700242765,1132.0,654.0,706.0,488.0,3
1700242765,1132.0,654.0,706.0,488.0,3
1700242765,1130.0,654.0,706.0,488.0,3
1700242765,1130.0,653.0,706.0,488.0,3
1700242765,1129.0,654.0,706.0,488.0,3
1700242765,1127.0,658.0,706.0,488.0,3
1700242765,1127.0,661.0,706.0,488.0,3
1700242765,1128.0,659.0,706.0,488.0,3
1700242765,1131.0,656.0,706.0,488.0,3
1700242765,1134.0,655.0,706.0,488.0,3
1700242765,1137.0,652.0,706.0,488.0,3
1700242765,1144.0,645.0,706.0,488.0,3
1700242765,1149.0,641.0,706.0,488.0,3
1700242765,1153.0,636.0,706.0,488.0,3
1700242765,1154.0,635.0,706.0,488.0,3
1700242765,1154.0,638.0,706.0,488.0,3
1700242765,1153.0,639.0,706.0,488.0,3
1700242765,1153.0,640.0,706.0,488.0,3
1700242765,1153.0,642.0,706.0,488.0,3
1700242765,1157.0,641.0,706.0,488.0,3
1700242765,1191.0,625.0,706.0,488.0,3
1700242765,1335.0,910.0,706.0,488.0,3
1700242765,1287.0,833.0,706.0,488.0,3
1700242765,1297.0,831.0,706.0,488.0,3
1700242765,1315.0,958.0,706.0,488.0,3
1700242765,1306.0,968.0,706.0,488.0,3
1700242765,1326.0,941.0,706.0,488.0,3
1700242765,1373.0,860.0,706.0,488.0,3
1700242765,1383.0,763.0,706.0,488.0,3
1700242765,1329.0,684.0,706.0,488.0,3
1700242765,1266.0,656.0,706.0,488.0,3
1700242765,1238.0,651.0,706.0,488.0,3
1700242765,1224.0,651.0,706.0,488.0,3
1700242765,1206.0,648.0,706.0,488.0,3
1700242765,1205.0,645.0,706.0,488.0,3
1700242765,1227.0,635.0,706.0,488.0,3
1700242765,1214.0,639.0,706.0,488.0,3
1700242765,1207.0,642.0,706.0,488.0,3
1700242765,1201.0,647.0,706.0,488.0,3
1700242765,1192.0,651.0,706.0,488.0,3
1700242765,1187.0,655.0,706.0,488.0,3
1700242765,1191.0,653.0,706.0,488.0,3
1700242765,1194.0,645.0,706.0,488.0,3
1700242765,1188.0,639.0,706.0,488.0,3
1700242765,1180.0,632.0,706.0,488.0,3
1700242765,1173.0,623.0,706.0,488.0,3
1700242765,1167.0,618.0,706.0,488.0,3
1700242765,1162.0,613.0,706.0,488.0,3
1700242765,1160.0,610.0,706.0,488.0,3
1700242765,1161.0,609.0,706.0,488.0,3
1700242765,1165.0,610.0,706.0,488.0,3
1700242765,1171.0,613.0,706.0,488.0,3
1700242765,1174.0,615.0,706.0,488.0,3
1700242765,1177.0,616.0,706.0,488.0,3
1700242765,1181.0,618.0,706.0,488.0,3
1700242765,1195.0,617.0,706.0,488.0,3
1700242765,1220.0,613.0,706.0,488.0,3
1700242765,1220.0,621.0,706.0,488.0,3
1700242765,1220.0,627.0,706.0,488.0,3
1700242765,1222.0,631.0,706.0,488.0,3
1700242765,1221.0,633.0,706.0,488.0,3
1700242765,1220.0,634.0,706.0,488.0,3
1700242765,1219.0,638.0,706.0,488.0,3
1700242765,1218.0,639.0,706.0,488.0,3
1700242765,1218.0,640.0,706.0,488.0,3
1700242765,1218.0,641.0,706.0,488.0,3
1700242765,1219.0,641.0,706.0,488.0,3
1700242765,1219.0,642.0,706.0,488.0,3
1700242765,1219.0,643.0,706.0,488.0,3
1700242765,1221.0,644.0,706.0,488.0,3
1700242765,1222.0,645.0,706.0,488.0,3
1700242765,1222.0,645.0,706.0,488.0,3
1700242765,1223.0,645.0,706.0,488.0,3
1700242765,1223.0,646.0,706.0,488.0,3
1700242765,1223.0,643.0,706.0,488.0,3
1700242765,1237.0,624.0,706.0,488.0,3
1700242765,1254.0,593.0,706.0,488.0,3
1700242765,1251.0,581.0,706.0,488.0,3
1700242765,1239.0,577.0,706.0,488.0,3
1700242765,1252.0,561.0,706.0,488.0,3
1700242765,1266.0,559.0,706.0,488.0,3
1700242765,1367.0,741.0,706.0,488.0,3
1700242765,1360.0,776.0,706.0,488.0,3
1700242765,1296.0,733.0,706.0,488.0,3
1700242765,1302.0,741.0,706.0,488.0,3
1700242765,1327.0,840.0,706.0,488.0,3
1700242765,1373.0,853.0,706.0,488.0,3
1700242765,1361.0,846.0,706.0,488.0,3
1700242765,1348.0,834.0,706.0,488.0,3
1700242765,1351.0,837.0,706.0,488.0,3
1700242765,1354.0,842.0,706.0,488.0,3
1700242765,1360.0,848.0,706.0,488.0,3
1700242765,1396.0,835.0,706.0,488.0,3
1700242765,1633.0,731.0,706.0,488.0,3
1700242765,1878.0,622.0,706.0,488.0,3
1700242765,780.0,685.0,706.0,488.0,3
1700242765,778.0,683.0,706.0,488.0,3
1700242765,772.0,681.0,706.0,488.0,3
1700242765,766.0,684.0,706.0,488.0,3
1700242765,759.0,684.0,706.0,488.0,3
1700242765,757.0,681.0,706.0,488.0,3
1700242765,754.0,680.0,706.0,488.0,3
1700242765,753.0,678.0,706.0,488.0,3
1700242765,756.0,678.0,706.0,488.0,3
1700242765,757.0,679.0,706.0,488.0,3
1700242765,757.0,678.0,706.0,488.0,3
1700242765,758.0,676.0,706.0,488.0,3
1700242765,758.0,676.0,706.0,488.0,3
1700242765,758.0,675.0,706.0,488.0,3
1700242765,757.0,675.0,706.0,488.0,3
1700242765,755.0,672.0,706.0,488.0,3
1700242765,754.0,671.0,706.0,488.0,3
1700242765,754.0,671.0,706.0,488.0,3
1700242765,755.0,673.0,706.0,488.0,3
1700242765,755.0,673.0,706.0,488.0,3
1700242765,755.0,672.0,706.0,488.0,3
1700242765,755.0,673.0,706.0,488.0,3
1700242765,755.0,672.0,706.0,488.0,3
1700242765,755.0,672.0,706.0,488.0,3
1700242765,756.0,671.0,706.0,488.0,3
1700242765,757.0,667.0,706.0,488.0,3
1700242765,755.0,658.0,706.0,488.0,3
1700242765,757.0,659.0,706.0,488.0,3
1700242765,760.0,661.0,706.0,488.0,3
1700242765,763.0,659.0,706.0,488.0,3
1700242765,765.0,658.0,706.0,488.0,3
1700242765,798.0,825.0,706.0,488.0,3
1700242765,849.0,809.0,706.0,488.0,3
1700242765,870.0,816.0,706.0,488.0,3
1700242765,838.0,837.0,706.0,488.0,3
1700242765,915.0,806.0,706.0,488.0,3
1700242765,937.0,801.0,706.0,488.0,3
1700242765,999.0,812.0,706.0,488.0,3
1700242765,1034.0,826.0,706.0,488.0,3
1700242765,994.0,922.0,706.0,488.0,3
1700242765,1033.0,824.0,706.0,488.0,3
1700242765,1101.0,986.0,706.0,488.0,3
1700242765,1153.0,1004.0,706.0,488.0,3
1700242765,1135.0,972.0,706.0,488.0,3
1700242765,1129.0,950.0,706.0,488.0,3
1700242765,1120.0,903.0,706.0,488.0,3
1700242765,1110.0,870.0,706.0,488.0,3
1700242765,1109.0,864.0,706.0,488.0,3
1700242765,1110.0,873.0,706.0,488.0,3
1700242765,1111.0,873.0,706.0,488.0,3
1700242765,1049.0,802.0,706.0,488.0,3
1700242765,1046.0,817.0,706.0,488.0,3
1700242765,1022.0,815.0,706.0,488.0,3
1700242765,1057.0,856.0,706.0,488.0,3
1700242765,899.0,794.0,706.0,488.0,3
1700242765,893.0,779.0,706.0,488.0,3
1700242765,817.0,824.0,706.0,488.0,3
1700242765,777.0,791.0,706.0,488.0,3
1700242765,765.0,752.0,706.0,488.0,3
1700242765,768.0,723.0,706.0,488.0,3
1700242765,772.0,700.0,706.0,488.0,3
1700242765,777.0,692.0,706.0,488.0,3
1700242765,779.0,690.0,706.0,488.0,3
1700242765,780.0,687.0,706.0,488.0,3
1700242765,782.0,685.0,706.0,488.0,3
1700242765,785.0,685.0,706.0,488.0,3
1700242765,786.0,684.0,706.0,488.0,3
1700242765,787.0,684.0,706.0,488.0,3
1700242765,786.0,683.0,706.0,488.0,3
1700242765,786.0,682.0,706.0,488.0,3
1700242765,785.0,682.0,706.0,488.0,3
1700242765,785.0,682.0,706.0,488.0,3
1700242765,785.0,681.0,706.0,488.0,3
1700242765,785.0,679.0,706.0,488.0,3
1700242765,784.0,677.0,706.0,488.0,3
1700242765,784.0,673.0,706.0,488.0,3
1700242765,783.0,668.0,706.0,488.0,3
1700242765,782.0,663.0,706.0,488.0,3
1700242765,780.0,661.0,706.0,488.0,3
1700242765,865.0,815.0,706.0,488.0,3
1700242765,869.0,817.0,706.0,488.0,3
1700242765,859.0,815.0,706.0,488.0,3
1700242765,779.0,863.0,706.0,488.0,3
1700242765,872.0,836.0,706.0,488.0,3
1700242765,875.0,836.0,706.0,488.0,3
1700242765,864.0,831.0,706.0,488.0,3
1700242765,863.0,826.0,706.0,488.0,3
1700242765,866.0,824.0,706.0,488.0,3
1700242765,844.0,824.0,706.0,488.0,3
1700242765,840.0,817.0,706.0,488.0,3
1700242765,846.0,820.0,706.0,488.0,3
1700242765,838.0,817.0,706.0,488.0,3
1700242765,834.0,805.0,706.0,488.0,3
1700242765,831.0,818.0,706.0,488.0,3
1700242765,818.0,819.0,706.0,488.0,3
1700242765,759.0,895.0,706.0,488.0,3
1700242765,812.0,799.0,706.0,488.0,3
1700242765,826.0,801.0,706.0,488.0,3
1700242765,840.0,804.0,706.0,488.0,3
1700242765,847.0,807.0,706.0,488.0,3
1700242765,806.0,918.0,706.0,488.0,3
1700242765,817.0,748.0,706.0,488.0,3
1700242765,817.0,750.0,706.0,488.0,3
1700242765,820.0,756.0,706.0,488.0,3
1700242765,1110.0,859.0,706.0,488.0,3
1700242765,1117.0,863.0,706.0,488.0,3
1700242765,1109.0,887.0,706.0,488.0,3
1700242765,1152.0,879.0,706.0,488.0,3
1700242765,1152.0,885.0,706.0,488.0,3
1700242765,1164.0,885.0,706.0,488.0,3
1700242765,1154.0,883.0,706.0,488.0,3
1700242765,1067.0,913.0,706.0,488.0,3
1700242765,1071.0,915.0,706.0,488.0,3
1700242765,1080.0,916.0,706.0,488.0,3
1700242765,1146.0,878.0,706.0,488.0,3
1700242765,1145.0,878.0,706.0,488.0,3
1700242765,1144.0,878.0,706.0,488.0,3
1700242765,1060.0,906.0,706.0,488.0,3
1700242765,1024.0,809.0,706.0,488.0,3
1700242765,971.0,770.0,706.0,488.0,3
1700242765,874.0,841.0,706.0,488.0,3
1700242765,765.0,1251.0,706.0,488.0,3
1700242765,1037.0,805.0,706.0,488.0,3
1700242765,1021.0,775.0,706.0,488.0,3
1700242765,1013.0,777.0,706.0,488.0,3
1700242765,1062.0,744.0,706.0,488.0,3
1700242765,1038.0,725.0,706.0,488.0,3
1700242765,886.0,981.0,706.0,488.0,3
1700242765,863.0,956.0,706.0,488.0,3
1700242765,949.0,681.0,706.0,488.0,3
1700242765,798.0,881.0,706.0,488.0,3
1700242765,900.0,683.0,706.0,488.0,3
1700242765,875.0,683.0,706.0,488.0,3
1700242765,847.0,689.0,706.0,488.0,3
1700242765,841.0,694.0,706.0,488.0,3
1700242765,755.0,819.0,706.0,488.0,3
1700242765,793.0,829.0,706.0,488.0,3
1700242765,849.0,721.0,706.0,488.0,3
1700242765,863.0,724.0,706.0,488.0,3
1700242765,798.0,834.0,706.0,488.0,3
1700242765,864.0,715.0,706.0,488.0,3
1700242765,786.0,840.0,706.0,488.0,3
1700242765,858.0,709.0,706.0,488.0,3
1700242765,793.0,842.0,706.0,488.0,3
1700242765,874.0,712.0,706.0,488.0,3
1700242765,861.0,705.0,706.0,488.0,3
1700242765,833.0,694.0,706.0,488.0,3
1700242765,832.0,701.0,706.0,488.0,3
1700242765,812.0,695.0,706.0,488.0,3
1700242765,738.0,930.0,706.0,488.0,3
1700242765,843.0,716.0,706.0,488.0,3
1700242765,825.0,823.0,706.0,488.0,3
1700242765,836.0,726.0,706.0,488.0,3
1700242765,842.0,736.0,706.0,488.0,3
1700242765,875.0,749.0,706.0,488.0,3
1700242765,860.0,870.0,706.0,488.0,3
1700242765,949.0,776.0,706.0,488.0,3
1700242765,897.0,937.0,706.0,488.0,3
1700242765,1018.0,764.0,706.0,488.0,3
1700242765,883.0,909.0,706.0,488.0,3
1700242765,867.0,900.0,706.0,488.0,3
1700242765,700.0,991.0,706.0,488.0,3
1700242765,1018.0,795.0,706.0,488.0,3
1700242765,1096.0,963.0,706.0,488.0,3
1700242765,1117.0,989.0,706.0,488.0,3
1700242765,1005.0,683.0,706.0,488.0,3
1700242765,1007.0,683.0,706.0,488.0,3
1700242765,975.0,671.0,706.0,488.0,3
1700242765,972.0,680.0,706.0,488.0,3
1700242765,1252.0,1099.0,706.0,488.0,3
1700242765,954.0,683.0,706.0,488.0,3
1700242765,1280.0,1091.0,706.0,488.0,3
1700242765,966.0,704.0,706.0,488.0,3
1700242765,977.0,710.0,706.0,488.0,3
1700242765,1255.0,1097.0,706.0,488.0,3
1700242765,1236.0,1085.0,706.0,488.0,3
1700242765,1157.0,1063.0,706.0,488.0,3
1700242765,1031.0,757.0,706.0,488.0,3
1700242765,1220.0,1062.0,706.0,488.0,3
1700242765,1228.0,1055.0,706.0,488.0,3
1700242765,1219.0,1028.0,706.0,488.0,3
1700242765,981.0,736.0,706.0,488.0,3
1700242765,972.0,733.0,706.0,488.0,3
1700242765,942.0,729.0,706.0,488.0,3
1700242765,919.0,727.0,706.0,488.0,3
1700242765,930.0,724.0,706.0,488.0,3
1700242765,934.0,763.0,706.0,488.0,3
1700242765,955.0,753.0,706.0,488.0,3
1700242765,955.0,741.0,706.0,488.0,3
1700242765,948.0,716.0,706.0,488.0,3
1700242765,1129.0,895.0,706.0,488.0,3
1700242765,980.0,675.0,706.0,488.0,3
1700242765,1025.0,806.0,706.0,488.0,3
1700242765,1101.0,812.0,706.0,488.0,3
1700242765,1175.0,833.0,706.0,488.0,3
1700242765,1241.0,933.0,706.0,488.0,3
1700242765,1225.0,839.0,706.0,488.0,3
1700242765,1253.0,819.0,706.0,488.0,3
1700242765,1251.0,800.0,706.0,488.0,3
1700242765,1177.0,746.0,706.0,488.0,3
1700242765,1236.0,790.0,706.0,488.0,3
1700242765,1235.0,782.0,706.0,488.0,3
1700242765,1281.0,843.0,706.0,488.0,3
1700242765,1131.0,720.0,706.0,488.0,3
1700242765,1197.0,794.0,706.0,488.0,3
1700242765,1157.0,814.0,706.0,488.0,3
1700242765,990.0,752.0,706.0,488.0,3
1700242765,976.0,768.0,706.0,488.0,3
1700242765,997.0,898.0,706.0,488.0,3
1700242765,1007.0,913.0,706.0,488.0,3
1700242765,1013.0,912.0,706.0,488.0,3
1700242765,997.0,917.0,706.0,488.0,3
1700242765,966.0,936.0,706.0,488.0,3
1700242765,978.0,933.0,706.0,488.0,3
1700242765,982.0,774.0,706.0,488.0,3
1700242765,944.0,931.0,706.0,488.0,3
1700242765,907.0,932.0,706.0,488.0,3
1700242765,852.0,836.0,706.0,488.0,3
1700242765,1427.0,1493.0,706.0,488.0,3
1700242765,957.0,801.0,706.0,488.0,3
1700242765,1136.0,932.0,706.0,488.0,3
1700242765,1142.0,981.0,706.0,488.0,3
1700242765,1094.0,979.0,706.0,488.0,3
1700242765,1038.0,978.0,706.0,488.0,3
1700242765,994.0,977.0,706.0,488.0,3
1700242765,1008.0,770.0,706.0,488.0,3
1700242765,1010.0,775.0,706.0,488.0,3
1700242765,1006.0,770.0,706.0,488.0,3
1700242765,991.0,779.0,706.0,488.0,3
1700242765,1210.0,1205.0,706.0,488.0,3
1700242765,1065.0,936.0,706.0,488.0,3
1700242765,1057.0,932.0,706.0,488.0,3
1700242765,1059.0,932.0,706.0,488.0,3
1700242765,1064.0,933.0,706.0,488.0,3
1700242765,1060.0,932.0,706.0,488.0,3
1700242765,1060.0,930.0,706.0,488.0,3
1700242765,1090.0,928.0,706.0,488.0,3
1700242765,1111.0,929.0,706.0,488.0,3
1700242765,1132.0,928.0,706.0,488.0,3
1700242765,1141.0,919.0,706.0,488.0,3
1700242765,1124.0,909.0,706.0,488.0,3
1700242765,1120.0,916.0,706.0,488.0,3
1700242765,1130.0,918.0,706.0,488.0,3
1700242765,1127.0,920.0,706.0,488.0,3
1700242765,1105.0,921.0,706.0,488.0,3
1700242765,1141.0,1085.0,706.0,488.0,3
1700242766,920.0,921.0,706.0,488.0,3
1700242766,1023.0,1029.0,706.0,488.0,3
1700242766,1021.0,1003.0,706.0,488.0,3
1700242766,1006.0,971.0,706.0,488.0,3
1700242766,996.0,980.0,706.0,488.0,3
1700242766,1023.0,989.0,706.0,488.0,3
1700242766,929.0,923.0,706.0,488.0,3
1700242766,1025.0,1005.0,706.0,488.0,3
1700242766,976.0,926.0,706.0,488.0,3
1700242766,1001.0,913.0,706.0,488.0,3
1700242766,999.0,883.0,706.0,488.0,3
1700242766,1013.0,889.0,706.0,488.0,3
1700242766,1008.0,961.0,706.0,488.0,3
1700242766,1022.0,967.0,706.0,488.0,3
1700242766,1092.0,867.0,706.0,488.0,3
1700242766,1086.0,846.0,706.0,488.0,3
1700242766,1078.0,840.0,706.0,488.0,3
1700242766,1065.0,840.0,706.0,488.0,3
1700242766,976.0,950.0,706.0,488.0,3
1700242766,986.0,947.0,706.0,488.0,3
1700242766,1004.0,943.0,706.0,488.0,3
1700242766,1016.0,945.0,706.0,488.0,3
1700242766,1040.0,949.0,706.0,488.0,3
1700242766,1062.0,949.0,706.0,488.0,3
1700242766,1058.0,941.0,706.0,488.0,3
1700242766,1148.0,830.0,706.0,488.0,3
1700242766,1132.0,795.0,706.0,488.0,3
1700242766,1102.0,778.0,706.0,488.0,3
1700242766,1079.0,750.0,706.0,488.0,3
1700242766,1072.0,738.0,706.0,488.0,3
1700242766,1007.0,715.0,706.0,488.0,3
1700242766,1011.0,725.0,706.0,488.0,3
1700242766,1010.0,732.0,706.0,488.0,3
1700242766,893.0,822.0,706.0,488.0,3
1700242766,993.0,755.0,706.0,488.0,3
1700242766,962.0,777.0,706.0,488.0,3
1700242766,979.0,790.0,706.0,488.0,3
1700242766,968.0,773.0,706.0,488.0,3
1700242766,952.0,763.0,706.0,488.0,3
1700242766,924.0,824.0,706.0,488.0,3
1700242766,907.0,731.0,706.0,488.0,3
1700242766,893.0,743.0,706.0,488.0,3
1700242766,896.0,823.0,706.0,488.0,3
1700242766,877.0,799.0,706.0,488.0,3
1700242766,864.0,782.0,706.0,488.0,3
1700242766,862.0,789.0,706.0,488.0,3
1700242766,1041.0,893.0,706.0,488.0,3
1700242766,1014.0,813.0,706.0,488.0,3
1700242766,1064.0,821.0,706.0,488.0,3
1700242766,1092.0,817.0,706.0,488.0,3
1700242766,1095.0,799.0,706.0,488.0,3
1700242766,1046.0,953.0,706.0,488.0,3
1700242766,1128.0,820.0,706.0,488.0,3
1700242766,1143.0,828.0,706.0,488.0,3
1700242766,1162.0,858.0,706.0,488.0,3
1700242766,1211.0,903.0,706.0,488.0,3
1700242766,1222.0,923.0,706.0,488.0,3
1700242766,1201.0,917.0,706.0,488.0,3
1700242766,1102.0,967.0,706.0,488.0,3
1700242766,1093.0,953.0,706.0,488.0,3
1700242766,1081.0,943.0,706.0,488.0,3
1700242766,1113.0,971.0,706.0,488.0,3
1700242766,1120.0,957.0,706.0,488.0,3
1700242766,1110.0,852.0,706.0,488.0,3
1700242766,1086.0,829.0,706.0,488.0,3
1700242766,1061.0,824.0,706.0,488.0,3
1700242766,1035.0,916.0,706.0,488.0,3
1700242766,1031.0,917.0,706.0,488.0,3
1700242766,1089.0,968.0,706.0,488.0,3
1700242766,1149.0,999.0,706.0,488.0,3
1700242766,1133.0,992.0,706.0,488.0,3
1700242766,1080.0,823.0,706.0,488.0,3
1700242766,1121.0,857.0,706.0,488.0,3
1700242766,1178.0,892.0,706.0,488.0,3
1700242766,1183.0,893.0,706.0,488.0,3
1700242766,1214.0,1006.0,706.0,488.0,3
1700242766,1162.0,893.0,706.0,488.0,3
1700242766,1227.0,1033.0,706.0,488.0,3
1700242766,1234.0,1049.0,706.0,488.0,3
1700242766,1193.0,1020.0,706.0,488.0,3
1700242766,1113.0,1009.0,706.0,488.0,3
1700242766,1233.0,1000.0,706.0,488.0,3
1700242766,1213.0,1020.0,706.0,488.0,3
1700242766,1003.0,1000.0,706.0,488.0,3
1700242766,1016.0,1007.0,706.0,488.0,3
1700242766,1168.0,971.0,706.0,488.0,3
1700242766,1158.0,941.0,706.0,488.0,3
1700242766,1050.0,956.0,706.0,488.0,3
1700242766,1071.0,964.0,706.0,488.0,3
1700242766,1157.0,894.0,706.0,488.0,3
1700242766,1137.0,922.0,706.0,488.0,3
1700242766,1140.0,927.0,706.0,488.0,3
1700242766,1140.0,932.0,706.0,488.0,3
1700242766,1117.0,1043.0,706.0,488.0,3
1700242766,1146.0,929.0,706.0,488.0,3
1700242766,1152.0,923.0,706.0,488.0,3
1700242766,1144.0,925.0,706.0,488.0,3
1700242766,1142.0,917.0,706.0,488.0,3
1700242766,1084.0,862.0,706.0,488.0,3
1700242766,1004.0,787.0,706.0,488.0,3
1700242766,997.0,761.0,706.0,488.0,3
1700242766,949.0,723.0,706.0,488.0,3
1700242766,969.0,719.0,706.0,488.0,3
1700242766,974.0,714.0,706.0,488.0,3
1700242766,940.0,695.0,706.0,488.0,3
1700242766,939.0,711.0,706.0,488.0,3
1700242766,953.0,718.0,706.0,488.0,3
1700242766,969.0,722.0,706.0,488.0,3
1700242766,1143.0,1001.0,706.0,488.0,3
1700242766,1161.0,1024.0,706.0,488.0,3
1700242766,1028.0,761.0,706.0,488.0,3
1700242766,1007.0,760.0,706.0,488.0,3
1700242766,1014.0,760.0,706.0,488.0,3
1700242766,1023.0,757.0,706.0,488.0,3
1700242766,1024.0,758.0,706.0,488.0,3
1700242766,1049.0,784.0,706.0,488.0,3
1700242766,1093.0,799.0,706.0,488.0,3
1700242766,1072.0,789.0,706.0,488.0,3
1700242766,1071.0,1057.0,706.0,488.0,3
1700242766,1043.0,1037.0,706.0,488.0,3
1700242766,1025.0,987.0,706.0,488.0,3
1700242766,1037.0,784.0,706.0,488.0,3
1700242766,1024.0,776.0,706.0,488.0,3
1700242766,1017.0,768.0,706.0,488.0,3
1700242766,1021.0,776.0,706.0,488.0,3
1700242766,948.0,933.0,706.0,488.0,3
1700242766,997.0,952.0,706.0,488.0,3
1700242766,1022.0,944.0,706.0,488.0,3
1700242766,1019.0,925.0,706.0,488.0,3
1700242766,1036.0,933.0,706.0,488.0,3
1700242766,1061.0,955.0,706.0,488.0,3
1700242766,1069.0,957.0,706.0,488.0,3
1700242766,1086.0,965.0,706.0,488.0,3
1700242766,1067.0,946.0,706.0,488.0,3
1700242766,1065.0,779.0,706.0,488.0,3
1700242766,1010.0,920.0,706.0,488.0,3
1700242766,1002.0,927.0,706.0,488.0,3
1700242766,1013.0,933.0,706.0,488.0,3
1700242766,994.0,921.0,706.0,488.0,3
1700242766,937.0,912.0,706.0,488.0,3
1700242766,1011.0,748.0,706.0,488.0,3
1700242766,1004.0,749.0,706.0,488.0,3
1700242766,833.0,894.0,706.0,488.0,3
1700242766,1010.0,753.0,706.0,488.0,3
1700242766,1015.0,762.0,706.0,488.0,3
1700242766,1014.0,762.0,706.0,488.0,3
1700242766,1038.0,768.0,706.0,488.0,3
1700242766,1030.0,786.0,706.0,488.0,3
1700242766,841.0,880.0,706.0,488.0,3
1700242766,827.0,879.0,706.0,488.0,3
1700242766,825.0,865.0,706.0,488.0,3
1700242766,976.0,779.0,706.0,488.0,3
1700242766,994.0,789.0,706.0,488.0,3
1700242766,849.0,847.0,706.0,488.0,3
1700242766,979.0,823.0,706.0,488.0,3
1700242766,852.0,894.0,706.0,488.0,3
1700242766,966.0,833.0,706.0,488.0,3
1700242766,818.0,919.0,706.0,488.0,3
1700242766,855.0,922.0,706.0,488.0,3
1700242766,920.0,942.0,706.0,488.0,3
1700242766,1013.0,961.0,706.0,488.0,3
1700242766,1113.0,881.0,706.0,488.0,3
1700242766,992.0,972.0,706.0,488.0,3
1700242766,1115.0,890.0,706.0,488.0,3
1700242766,1100.0,886.0,706.0,488.0,3
1700242766,1091.0,1048.0,706.0,488.0,3
1700242766,1101.0,885.0,706.0,488.0,3
1700242766,1102.0,892.0,706.0,488.0,3
1700242766,1108.0,895.0,706.0,488.0,3
1700242766,1116.0,896.0,706.0,488.0,3
1700242766,1091.0,901.0,706.0,488.0,3
1700242766,1075.0,897.0,706.0,488.0,3
1700242766,1050.0,891.0,706.0,488.0,3
1700242766,1022.0,895.0,706.0,488.0,3
1700242766,1019.0,911.0,706.0,488.0,3
1700242766,1006.0,914.0,706.0,488.0,3
1700242766,1006.0,903.0,706.0,488.0,3
1700242766,1009.0,911.0,706.0,488.0,3
1700242766,1003.0,904.0,706.0,488.0,3
1700242766,1005.0,890.0,706.0,488.0,3
1700242766,984.0,946.0,706.0,488.0,3
1700242766,1045.0,894.0,706.0,488.0,3
1700242766,1039.0,900.0,706.0,488.0,3
1700242766,1067.0,981.0,706.0,488.0,3
1700242766,1077.0,912.0,706.0,488.0,3
1700242766,1069.0,915.0,706.0,488.0,3
1700242766,1053.0,917.0,706.0,488.0,3
1700242766,1059.0,914.0,706.0,488.0,3
1700242766,1016.0,987.0,706.0,488.0,3
1700242766,994.0,955.0,706.0,488.0,3
1700242766,972.0,900.0,706.0,488.0,3
1700242766,1009.0,886.0,706.0,488.0,3
1700242766,1027.0,891.0,706.0,488.0,3
1700242766,1088.0,938.0,706.0,488.0,3
1700242766,1176.0,1024.0,706.0,488.0,3
1700242766,1166.0,1004.0,706.0,488.0,3
1700242766,1136.0,987.0,706.0,488.0,3
1700242766,1086.0,958.0,706.0,488.0,3
1700242766,1150.0,842.0,706.0,488.0,3
1700242766,1116.0,826.0,706.0,488.0,3
1700242766,1099.0,818.0,706.0,488.0,3
1700242766,1099.0,817.0,706.0,488.0,3
1700242766,1148.0,1037.0,706.0,488.0,3
1700242766,1070.0,798.0,706.0,488.0,3
1700242766,1057.0,797.0,706.0,488.0,3
1700242766,1054.0,801.0,706.0,488.0,3
1700242766,1163.0,1066.0,706.0,488.0,3
1700242766,1008.0,773.0,706.0,488.0,3
1700242766,1009.0,770.0,706.0,488.0,3
1700242766,1024.0,777.0,706.0,488.0,3
1700242766,1141.0,1039.0,706.0,488.0,3
1700242766,1063.0,947.0,706.0,488.0,3
1700242766,1041.0,798.0,706.0,488.0,3
1700242766,949.0,912.0,706.0,488.0,3
1700242766,909.0,925.0,706.0,488.0,3
1700242766,931.0,934.0,706.0,488.0,3
1700242766,945.0,945.0,706.0,488.0,3
1700242766,919.0,945.0,706.0,488.0,3
1700242766,910.0,929.0,706.0,488.0,3
1700242766,1024.0,804.0,706.0,488.0,3
1700242766,865.0,925.0,706.0,488.0,3
1700242766,849.0,924.0,706.0,488.0,3
1700242766,845.0,919.0,706.0,488.0,3
1700242766,852.0,908.0,706.0,488.0,3
1700242766,1072.0,836.0,706.0,488.0,3
1700242766,1057.0,842.0,706.0,488.0,3
1700242766,1068.0,857.0,706.0,488.0,3
1700242766,1100.0,871.0,706.0,488.0,3
1700242766,1129.0,877.0,706.0,488.0,3
1700242766,1163.0,894.0,706.0,488.0,3
1700242766,1209.0,900.0,706.0,488.0,3
1700242766,1241.0,900.0,706.0,488.0,3
1700242766,1130.0,945.0,706.0,488.0,3
1700242766,1254.0,899.0,706.0,488.0,3
1700242766,1165.0,940.0,706.0,488.0,3
1700242766,1192.0,946.0,706.0,488.0,3
1700242766,1212.0,950.0,706.0,488.0,3
1700242766,1220.0,953.0,706.0,488.0,3
1700242766,1218.0,953.0,706.0,488.0,3
1700242766,1232.0,967.0,706.0,488.0,3
1700242766,1256.0,897.0,706.0,488.0,3
1700242766,1252.0,899.0,706.0,488.0,3
1700242766,1241.0,896.0,706.0,488.0,3
1700242766,1224.0,887.0,706.0,488.0,3
1700242766,1349.0,1137.0,706.0,488.0,3
1700242766,1351.0,1138.0,706.0,488.0,3
1700242766,1330.0,1117.0,706.0,488.0,3
1700242766,1189.0,874.0,706.0,488.0,3
1700242766,1137.0,840.0,706.0,488.0,3
1700242766,1170.0,1046.0,706.0,488.0,3
1700242766,1110.0,974.0,706.0,488.0,3
1700242766,1038.0,954.0,706.0,488.0,3
1700242766,967.0,956.0,706.0,488.0,3
1700242766,984.0,979.0,706.0,488.0,3
1700242766,1008.0,994.0,706.0,488.0,3
1700242766,1015.0,969.0,706.0,488.0,3
1700242766,1130.0,848.0,706.0,488.0,3
1700242766,1130.0,848.0,706.0,488.0,3
1700242766,1134.0,851.0,706.0,488.0,3
1700242766,1131.0,851.0,706.0,488.0,3
1700242766,932.0,947.0,706.0,488.0,3
1700242766,889.0,920.0,706.0,488.0,3
1700242766,857.0,905.0,706.0,488.0,3
1700242766,864.0,899.0,706.0,488.0,3
1700242766,1007.0,788.0,706.0,488.0,3
1700242766,1010.0,787.0,706.0,488.0,3
1700242766,998.0,779.0,706.0,488.0,3
1700242766,996.0,765.0,706.0,488.0,3
1700242766,1118.0,1087.0,706.0,488.0,3
1700242766,1098.0,1054.0,706.0,488.0,3
1700242766,1097.0,1019.0,706.0,488.0,3
1700242766,1123.0,998.0,706.0,488.0,3
1700242766,1108.0,983.0,706.0,488.0,3
1700242766,1129.0,875.0,706.0,488.0,3
1700242766,1030.0,976.0,706.0,488.0,3
1700242766,1126.0,874.0,706.0,488.0,3
1700242766,979.0,983.0,706.0,488.0,3
1700242766,834.0,1120.0,706.0,488.0,3
1700242766,1120.0,872.0,706.0,488.0,3
1700242766,911.0,1019.0,706.0,488.0,3
1700242766,1035.0,827.0,706.0,488.0,3
1700242766,1029.0,805.0,706.0,488.0,3
1700242766,1048.0,807.0,706.0,488.0,3
1700242766,1053.0,806.0,706.0,488.0,3
1700242766,1072.0,792.0,706.0,488.0,3
1700242766,1126.0,1082.0,706.0,488.0,3
1700242766,1010.0,750.0,706.0,488.0,3
1700242766,985.0,741.0,706.0,488.0,3
1700242766,3187.0,631.0,2909.0,591.0,3
1700242766,3186.0,630.0,2962.0,603.0,3
1700242766,3182.0,631.0,2986.0,604.0,3
1700242766,3177.0,633.0,3003.0,604.0,3
1700242766,3171.0,637.0,3004.0,603.0,3
1700242766,3165.0,640.0,3005.0,603.0,3
1700242766,3158.0,643.0,3005.0,603.0,0
1700242766,3152.0,643.0,3006.0,602.0,0
1700242766,3147.0,642.0,3006.0,602.0,0
1700242766,3141.0,643.0,3006.0,602.0,3
1700242766,3137.0,647.0,3006.0,602.0,3
1700242766,3132.0,649.0,3006.0,602.0,3
1700242766,3128.0,652.0,3006.0,602.0,3
1700242766,3125.0,654.0,3006.0,602.0,3
1700242766,3122.0,656.0,3006.0,602.0,3
1700242766,3121.0,658.0,3006.0,602.0,3
1700242766,3114.0,665.0,3006.0,602.0,3
1700242766,3105.0,677.0,3006.0,602.0,3
1700242766,3096.0,688.0,3006.0,602.0,3
1700242766,3101.0,699.0,3006.0,602.0,3
1700242766,3106.0,707.0,3006.0,602.0,3
1700242766,3109.0,714.0,3006.0,602.0,3
1700242766,3112.0,717.0,3006.0,602.0,3
1700242766,3163.0,798.0,3193.0,628.0,3
1700242766,3181.0,905.0,3193.0,628.0,3
1700242766,3181.0,913.0,3193.0,628.0,3
1700242766,3160.0,814.0,3193.0,628.0,3
1700242766,3170.0,841.0,3193.0,628.0,3
1700242766,3172.0,859.0,3193.0,628.0,3
1700242766,3213.0,902.0,3193.0,628.0,3
1700242766,3220.0,965.0,3193.0,628.0,3
1700242766,3226.0,968.0,3193.0,628.0,3
1700242766,3229.0,970.0,3193.0,628.0,3
1700242766,3249.0,934.0,3193.0,628.0,3
1700242766,3241.0,928.0,3193.0,628.0,3
1700242766,3234.0,922.0,3193.0,628.0,3
1700242766,3247.0,927.0,3193.0,628.0,3
1700242766,3246.0,925.0,3193.0,628.0,3
1700242766,3243.0,922.0,3193.0,628.0,3
1700242766,3248.0,923.0,3193.0,628.0,3
1700242766,3243.0,915.0,3193.0,628.0,3
1700242766,3231.0,965.0,3193.0,628.0,3
1700242766,3232.0,959.0,3193.0,628.0,3
1700242766,3242.0,934.0,3193.0,628.0,3
1700242766,3226.0,888.0,3193.0,628.0,3
1700242766,3212.0,845.0,3193.0,628.0,3
1700242766,3255.0,817.0,3193.0,628.0,3
1700242766,3267.0,798.0,3193.0,628.0,3
1700242766,3261.0,784.0,3193.0,628.0,3
1700242766,3250.0,760.0,3193.0,628.0,3
1700242766,3231.0,811.0,3193.0,628.0,3
1700242766,3217.0,819.0,3191.0,628.0,3
1700242766,3223.0,812.0,3167.0,621.0,3
1700242766,3238.0,747.0,3141.0,611.0,3
1700242766,3245.0,749.0,3101.0,598.0,3
1700242766,3257.0,751.0,3071.0,589.0,3
1700242766,3249.0,740.0,3062.0,584.0,3
1700242766,3224.0,750.0,3062.0,584.0,3
1700242766,3222.0,747.0,3062.0,584.0,3
1700242766,3221.0,790.0,3062.0,584.0,0
1700242766,3222.0,785.0,3062.0,584.0,0
1700242766,3237.0,781.0,3062.0,584.0,0
1700242766,3249.0,769.0,3062.0,584.0,3
1700242766,3233.0,758.0,3062.0,584.0,3
1700242766,3244.0,755.0,3062.0,584.0,0
1700242766,3257.0,744.0,3062.0,584.0,0
1700242766,3261.0,742.0,3062.0,584.0,0
1700242766,3268.0,737.0,3062.0,584.0,3
1700242766,3276.0,732.0,3062.0,584.0,3
1700242766,3269.0,719.0,3062.0,584.0,3
1700242766,3252.0,715.0,3062.0,584.0,3
1700242766,3272.0,692.0,3056.0,603.0,3
1700242766,3188.0,713.0,3029.0,638.0,3
1700242766,3265.0,673.0,2980.0,664.0,3
1700242766,3276.0,768.0,2840.0,709.0,3
1700242766,1052.0,744.0,976.0,596.0,3
1700242766,738.0,780.0,976.0,596.0,3
1700242766,916.0,759.0,976.0,596.0,3
1700242766,912.0,778.0,976.0,596.0,3
1700242766,896.0,778.0,976.0,596.0,3
1700242766,898.0,767.0,976.0,596.0,3
1700242766,892.0,749.0,976.0,596.0,3
1700242766,871.0,715.0,977.0,597.0,3
1700242766,861.0,673.0,986.0,596.0,3
1700242766,853.0,639.0,1007.0,593.0,3
1700242766,848.0,619.0,1028.0,593.0,3
1700242766,847.0,607.0,1032.0,593.0,3
1700242766,848.0,599.0,1032.0,593.0,3
1700242766,849.0,596.0,1032.0,593.0,3
1700242766,848.0,594.0,1032.0,593.0,3
1700242766,844.0,592.0,1032.0,593.0,3
1700242766,841.0,590.0,1032.0,593.0,3
1700242766,837.0,588.0,1032.0,593.0,3
1700242766,833.0,587.0,1032.0,593.0,3
1700242766,830.0,588.0,1032.0,593.0,3
1700242766,829.0,590.0,1032.0,593.0,3
1700242766,640.0,807.0,1032.0,593.0,3
1700242766,681.0,802.0,1032.0,593.0,3
1700242766,763.0,805.0,1032.0,593.0,3
1700242766,755.0,776.0,1032.0,593.0,3
1700242766,760.0,775.0,1032.0,593.0,3
1700242766,802.0,745.0,1032.0,593.0,3
1700242766,803.0,731.0,1032.0,593.0,3
1700242766,834.0,733.0,1032.0,593.0,3
1700242766,890.0,741.0,1032.0,593.0,3
1700242766,851.0,769.0,1032.0,593.0,3
1700242766,1933.0,991.0,1621.0,1034.0,3
1700242766,1887.0,1012.0,1638.0,1041.0,3
1700242766,1725.0,1081.0,1656.0,1052.0,3
1700242766,1726.0,1082.0,1662.0,1056.0,3
1700242766,1726.0,1083.0,1665.0,1056.0,3
1700242766,1726.0,1083.0,1668.0,1057.0,3
1700242766,1726.0,1083.0,1668.0,1057.0,3
1700242766,1726.0,1083.0,1668.0,1057.0,3
1700242766,1726.0,1083.0,1670.0,1057.0,3
1700242766,1726.0,1083.0,1671.0,1057.0,3
1700242766,1727.0,1083.0,1671.0,1057.0,3
1700242766,1727.0,1083.0,1671.0,1057.0,0
1700242766,1727.0,1083.0,1671.0,1057.0,0
1700242766,1724.0,1077.0,1671.0,1057.0,3
1700242766,1715.0,1063.0,1671.0,1057.0,3
1700242766,1704.0,1047.0,1671.0,1057.0,3
1700242766,1695.0,1035.0,1671.0,1054.0,3
1700242766,1686.0,1027.0,1667.0,1049.0,3
1700242766,1679.0,1022.0,1654.0,1043.0,3
1700242766,1671.0,1018.0,1645.0,1039.0,3
1700242766,1663.0,1013.0,1642.0,1038.0,3
1700242766,1659.0,1010.0,1639.0,1032.0,3
1700242766,1658.0,1010.0,1630.0,1021.0,3
1700242766,1656.0,1009.0,1630.0,1019.0,3
1700242766,1657.0,1011.0,1632.0,1016.0,3
1700242766,1658.0,1011.0,1636.0,1013.0,3
1700242766,1657.0,1012.0,1637.0,1013.0,3
1700242766,1658.0,1012.0,1637.0,1013.0,3
1700242766,1660.0,1013.0,1637.0,1013.0,3
1700242766,1660.0,1013.0,1638.0,1013.0,3
1700242766,1661.0,1014.0,1640.0,1013.0,3
1700242766,1662.0,1015.0,1643.0,1014.0,3
1700242766,1662.0,1015.0,1648.0,1015.0,3
1700242766,1663.0,1015.0,1649.0,1016.0,3
1700242766,1664.0,1015.0,1649.0,1016.0,3
1700242766,1665.0,1015.0,1649.0,1016.0,3
1700242766,1665.0,1016.0,1649.0,1016.0,3
1700242766,1666.0,1017.0,1650.0,1016.0,3
1700242766,1667.0,1018.0,1650.0,1016.0,3
1700242766,1668.0,1019.0,1650.0,1016.0,3
1700242766,1667.0,1020.0,1651.0,1017.0,3
1700242766,1667.0,1020.0,1653.0,1018.0,3
1700242766,1667.0,1020.0,1654.0,1019.0,3
1700242766,1667.0,1020.0,1660.0,1019.0,3
1700242766,1667.0,1021.0,1672.0,1017.0,3
1700242766,1668.0,1021.0,1683.0,1004.0,3
1700242766,1669.0,1020.0,1694.0,974.0,3
1700242766,1675.0,1001.0,1699.0,948.0,3
1700242766,1685.0,955.0,1706.0,927.0,3
1700242766,1691.0,914.0,1718.0,902.0,3
1700242766,1696.0,880.0,1727.0,869.0,3
1700242766,1697.0,861.0,1729.0,845.0,3
1700242766,1698.0,848.0,1729.0,833.0,3
1700242766,1699.0,839.0,1729.0,829.0,3
1700242766,1700.0,834.0,1729.0,827.0,3
1700242766,1703.0,821.0,1729.0,824.0,3
1700242766,1709.0,803.0,1729.0,819.0,3
1700242766,1713.0,789.0,1732.0,810.0,3
1700242766,1717.0,777.0,1734.0,800.0,3
1700242766,1719.0,769.0,1734.0,799.0,3
1700242766,1719.0,765.0,1734.0,798.0,3
1700242766,1720.0,761.0,1734.0,797.0,3
1700242766,1721.0,760.0,1734.0,797.0,3
1700242766,1722.0,757.0,1734.0,797.0,3
1700242766,1722.0,757.0,1734.0,794.0,3
1700242766,1723.0,755.0,1736.0,788.0,3
1700242766,1725.0,753.0,1737.0,782.0,3
1700242766,1727.0,752.0,1738.0,777.0,3
1700242766,1728.0,751.0,1738.0,777.0,3
1700242766,1729.0,749.0,1738.0,777.0,3
1700242766,1731.0,748.0,1738.0,777.0,3
1700242766,1732.0,747.0,1738.0,777.0,0
1700242766,1732.0,746.0,1738.0,777.0,0
1700242766,1694.0,734.0,1738.0,777.0,3
1700242766,1481.0,678.0,1727.0,773.0,3
1700242766,1204.0,604.0,1614.0,747.0,3
1700242766,1051.0,563.0,1429.0,698.0,3
1700242766,990.0,534.0,1286.0,658.0,3
1700242766,957.0,525.0,1131.0,614.0,3
1700242766,937.0,525.0,1054.0,593.0,3
1700242766,927.0,525.0,1046.0,593.0,3
1700242766,919.0,526.0,1042.0,593.0,3
1700242766,904.0,530.0,1027.0,595.0,3
1700242766,857.0,514.0,1011.0,597.0,3
1700242766,840.0,509.0,980.0,597.0,3
1700242766,846.0,512.0,962.0,597.0,3
1700242766,851.0,513.0,962.0,597.0,3
1700242766,851.0,508.0,962.0,597.0,3
1700242766,849.0,507.0,962.0,597.0,3
1700242766,850.0,509.0,962.0,597.0,0
1700242766,851.0,513.0,962.0,597.0,0
1700242766,851.0,516.0,962.0,597.0,0
1700242766,852.0,519.0,962.0,597.0,3
1700242766,855.0,523.0,962.0,597.0,3
1700242766,858.0,527.0,962.0,597.0,3
1700242766,878.0,524.0,962.0,597.0,3
1700242766,912.0,518.0,962.0,597.0,3
1700242766,907.0,528.0,962.0,597.0,3
1700242766,907.0,534.0,962.0,597.0,3
1700242766,903.0,541.0,962.0,597.0,3
1700242766,3283.0,574.0,3058.0,636.0,0
1700242766,3272.0,576.0,3058.0,636.0,3
1700242766,3210.0,584.0,3058.0,636.0,3
1700242766,3151.0,589.0,3058.0,636.0,3
1700242766,3071.0,592.0,3058.0,636.0,3
1700242766,2874.0,553.0,3058.0,636.0,3
1700242766,2812.0,563.0,3058.0,636.0,3
1700242766,2734.0,559.0,3058.0,636.0,3
1700242766,2684.0,555.0,3021.0,636.0,3
1700242766,2656.0,552.0,2911.0,609.0,3
1700242766,2639.0,551.0,2791.0,576.0,3
1700242766,2628.0,548.0,2704.0,562.0,3
1700242766,2622.0,546.0,2680.0,561.0,3
1700242766,2619.0,545.0,2672.0,561.0,3
1700242766,2615.0,543.0,2661.0,558.0,3
1700242766,2613.0,541.0,2634.0,548.0,3
1700242766,2609.0,534.0,2610.0,542.0,3
1700242766,2604.0,528.0,2595.0,539.0,3
1700242766,2601.0,526.0,2591.0,537.0,3
1700242766,2602.0,524.0,2582.0,533.0,3
1700242766,2604.0,526.0,2577.0,532.0,3
1700242766,2597.0,527.0,2574.0,531.0,3
1700242766,2671.0,825.0,2576.0,516.0,3
1700242766,2702.0,862.0,2597.0,626.0,3
1700242766,2711.0,836.0,2592.0,624.0,3
1700242766,2729.0,819.0,2575.0,616.0,3
1700242766,2723.0,803.0,2536.0,597.0,3
1700242766,2729.0,812.0,2491.0,583.0,3
1700242766,2759.0,799.0,2434.0,576.0,3
1700242766,3236.0,180.0,2090.0,505.0,3
1700242766,3120.0,182.0,2089.0,504.0,3
1700242766,2900.0,207.0,2089.0,503.0,3
1700242766,2742.0,223.0,2088.0,502.0,3
1700242766,2690.0,220.0,2088.0,502.0,3
1700242766,2683.0,214.0,2088.0,502.0,3
1700242766,2663.0,224.0,2088.0,502.0,3
1700242766,2685.0,222.0,2088.0,502.0,3
1700242766,2682.0,233.0,2088.0,502.0,3
1700242766,3004.0,702.0,2636.0,512.0,3
1700242766,3013.0,721.0,2657.0,512.0,3
1700242766,3260.0,591.0,2693.0,517.0,3
1700242766,1483.0,904.0,1265.0,616.0,3
1700242766,1381.0,870.0,1134.0,614.0,3
1700242766,1238.0,767.0,1059.0,619.0,3
1700242766,1128.0,617.0,1013.0,625.0,3
1700242766,1120.0,580.0,975.0,626.0,3
1700242766,1190.0,1095.0,958.0,601.0,3
1700242766,804.0,1030.0,958.0,601.0,3
1700242766,808.0,996.0,958.0,601.0,3
1700242766,791.0,940.0,958.0,601.0,3
1700242766,888.0,879.0,958.0,601.0,3
1700242766,869.0,785.0,958.0,601.0,3
1700242766,868.0,727.0,958.0,601.0,3
1700242766,904.0,703.0,958.0,601.0,3
1700242766,912.0,748.0,958.0,601.0,3
1700242766,901.0,778.0,958.0,601.0,3
1700242766,886.0,794.0,958.0,601.0,3
1700242766,891.0,804.0,958.0,601.0,3
1700242766,859.0,831.0,958.0,601.0,3
1700242766,756.0,932.0,958.0,601.0,3
1700242766,914.0,620.0,958.0,601.0,3
1700242766,911.0,611.0,958.0,601.0,3
1700242766,1234.0,865.0,958.0,601.0,3
1700242766,1229.0,1125.0,958.0,601.0,3
1700242767,1235.0,1128.0,958.0,601.0,3
1700242767,1245.0,1091.0,958.0,601.0,3
1700242767,1246.0,1062.0,958.0,601.0,3
1700242767,1264.0,937.0,958.0,601.0,3
1700242767,1268.0,946.0,958.0,601.0,3
1700242767,1271.0,951.0,958.0,601.0,3
1700242767,1271.0,953.0,958.0,601.0,3
1700242767,1266.0,950.0,958.0,601.0,3
1700242767,1265.0,945.0,958.0,601.0,3
1700242767,1271.0,943.0,958.0,601.0,3
1700242767,1268.0,936.0,958.0,601.0,3
1700242767,1310.0,1144.0,958.0,601.0,3
1700242767,1312.0,1144.0,958.0,601.0,3
1700242767,1292.0,1134.0,958.0,601.0,3
1700242767,1152.0,848.0,958.0,601.0,3
1700242767,1158.0,826.0,958.0,601.0,3
1700242767,1060.0,727.0,958.0,601.0,3
1700242767,1104.0,1051.0,958.0,601.0,3
1700242767,1082.0,711.0,958.0,601.0,3
1700242767,1079.0,696.0,958.0,601.0,3
1700242767,1023.0,668.0,958.0,601.0,3
1700242767,946.0,1028.0,958.0,601.0,3
1700242767,906.0,1028.0,958.0,601.0,3
1700242767,894.0,924.0,958.0,601.0,3
1700242767,1036.0,686.0,958.0,601.0,3
1700242767,1025.0,681.0,958.0,601.0,3
1700242767,979.0,680.0,958.0,601.0,3
1700242767,967.0,705.0,958.0,601.0,3
1700242767,1111.0,816.0,958.0,601.0,3
1700242767,1065.0,999.0,958.0,601.0,3
1700242767,1064.0,997.0,958.0,601.0,3
1700242767,1077.0,996.0,958.0,601.0,3
1700242767,1101.0,991.0,958.0,601.0,3
1700242767,1125.0,993.0,958.0,601.0,3
1700242767,1137.0,1002.0,958.0,601.0,3
1700242767,1145.0,979.0,958.0,601.0,3
1700242767,1165.0,964.0,958.0,601.0,3
1700242767,1177.0,946.0,958.0,601.0,3
1700242767,1203.0,949.0,958.0,601.0,3
1700242767,1204.0,962.0,958.0,601.0,3
1700242767,1191.0,945.0,958.0,601.0,3
1700242767,1211.0,937.0,958.0,601.0,3
1700242767,1214.0,939.0,958.0,601.0,3
1700242767,1217.0,934.0,958.0,601.0,3
1700242767,1212.0,934.0,958.0,601.0,3
1700242767,1219.0,933.0,958.0,601.0,3
1700242767,1240.0,932.0,958.0,601.0,3
1700242767,1183.0,794.0,958.0,601.0,3
1700242767,1267.0,961.0,958.0,601.0,3
1700242767,1295.0,1006.0,958.0,601.0,3
1700242767,1299.0,1003.0,958.0,601.0,3
1700242767,1295.0,994.0,958.0,601.0,3
1700242767,1295.0,990.0,958.0,601.0,3
1700242767,1302.0,996.0,958.0,601.0,3
1700242767,1268.0,868.0,958.0,601.0,3
1700242767,1281.0,887.0,958.0,601.0,3
1700242767,1305.0,895.0,958.0,601.0,3
1700242767,1320.0,894.0,958.0,601.0,3
1700242767,1306.0,883.0,958.0,601.0,3
1700242767,1302.0,882.0,958.0,601.0,3
1700242767,1229.0,1036.0,958.0,601.0,3
1700242767,1248.0,1036.0,958.0,601.0,3
1700242767,1280.0,1036.0,958.0,601.0,3
1700242767,1288.0,906.0,958.0,601.0,3
1700242767,1280.0,911.0,958.0,601.0,3
1700242767,1205.0,1023.0,958.0,601.0,3
1700242767,1206.0,1010.0,958.0,601.0,3
1700242767,1246.0,902.0,958.0,601.0,3
1700242767,1149.0,1002.0,958.0,601.0,3
1700242767,1088.0,1005.0,958.0,601.0,3
1700242767,967.0,921.0,958.0,601.0,3
1700242767,1006.0,1004.0,958.0,601.0,3
1700242767,1043.0,1002.0,958.0,601.0,3
1700242767,1090.0,1006.0,958.0,601.0,3
1700242767,1130.0,882.0,958.0,601.0,3
1700242767,1179.0,895.0,958.0,601.0,3
1700242767,1253.0,910.0,958.0,601.0,3
1700242767,1294.0,900.0,958.0,601.0,3
1700242767,1326.0,1034.0,958.0,601.0,3
1700242767,1337.0,1025.0,958.0,601.0,3
1700242767,1347.0,1006.0,958.0,601.0,3
1700242767,1385.0,927.0,958.0,601.0,3
1700242767,1369.0,1018.0,958.0,601.0,3
1700242767,1369.0,1021.0,958.0,601.0,3
1700242767,1377.0,1023.0,958.0,601.0,3
1700242767,1393.0,1025.0,958.0,601.0,3
1700242767,1396.0,1023.0,958.0,601.0,3
1700242767,1390.0,1018.0,958.0,601.0,3
1700242767,1381.0,999.0,958.0,601.0,3
1700242767,1374.0,994.0,958.0,601.0,3
1700242767,1370.0,986.0,958.0,601.0,3
1700242767,1371.0,976.0,958.0,601.0,3
1700242767,1359.0,974.0,958.0,601.0,3
1700242767,1325.0,946.0,958.0,601.0,3
1700242767,1290.0,924.0,958.0,601.0,3
1700242767,1189.0,823.0,958.0,601.0,3
1700242767,1290.0,1027.0,958.0,601.0,3
1700242767,1298.0,1044.0,958.0,601.0,3
1700242767,1325.0,1047.0,958.0,601.0,3
1700242767,1334.0,1034.0,958.0,601.0,3
1700242767,1339.0,1023.0,958.0,601.0,3
1700242767,1344.0,1016.0,958.0,601.0,3
1700242767,1368.0,903.0,958.0,601.0,3
1700242767,1362.0,1006.0,958.0,601.0,3
1700242767,1359.0,997.0,958.0,601.0,3
1700242767,1363.0,990.0,958.0,601.0,3
1700242767,1363.0,977.0,958.0,601.0,3
1700242767,1360.0,963.0,958.0,601.0,3
1700242767,1363.0,965.0,958.0,601.0,3
1700242767,1230.0,1016.0,958.0,601.0,3
1700242767,1260.0,1019.0,958.0,601.0,3
1700242767,1358.0,1153.0,958.0,601.0,3
1700242767,1345.0,1126.0,958.0,601.0,3
1700242767,1321.0,1080.0,958.0,601.0,3
1700242767,1280.0,1011.0,958.0,601.0,3
1700242767,1310.0,1054.0,958.0,601.0,3
1700242767,1308.0,1042.0,958.0,601.0,3
1700242767,1312.0,1041.0,958.0,601.0,3
1700242767,1316.0,1040.0,958.0,601.0,3
1700242767,1319.0,1045.0,958.0,601.0,3
1700242767,1322.0,1047.0,958.0,601.0,3
1700242767,1286.0,991.0,958.0,601.0,3
1700242767,1322.0,1025.0,958.0,601.0,3
1700242767,1330.0,1015.0,958.0,601.0,3
1700242767,1333.0,1008.0,958.0,601.0,3
1700242767,1334.0,1002.0,958.0,601.0,3
1700242767,1324.0,994.0,958.0,601.0,3
1700242767,1298.0,921.0,958.0,601.0,3
1700242767,1295.0,918.0,958.0,601.0,3
1700242767,1276.0,896.0,958.0,601.0,3
1700242767,1260.0,912.0,958.0,601.0,3
1700242767,1257.0,921.0,958.0,601.0,3
1700242767,1261.0,932.0,958.0,601.0,3
1700242767,1262.0,938.0,958.0,601.0,3
1700242767,1247.0,886.0,958.0,601.0,3
1700242767,1278.0,962.0,958.0,601.0,3
1700242767,1291.0,983.0,958.0,601.0,3
1700242767,1305.0,1010.0,958.0,601.0,3
1700242767,1310.0,1029.0,958.0,601.0,3
1700242767,1315.0,1043.0,958.0,601.0,3
1700242767,1300.0,1014.0,958.0,601.0,3
1700242767,1314.0,1016.0,958.0,601.0,3
1700242767,1317.0,1007.0,958.0,601.0,3
1700242767,1318.0,1028.0,958.0,601.0,3
1700242767,1317.0,1009.0,958.0,601.0,3
1700242767,1319.0,940.0,958.0,601.0,3
1700242767,1259.0,957.0,958.0,601.0,3
1700242767,1277.0,969.0,958.0,601.0,3
1700242767,1324.0,1072.0,958.0,601.0,3
1700242767,1289.0,977.0,958.0,601.0,3
1700242767,1295.0,981.0,958.0,601.0,3
1700242767,1309.0,977.0,958.0,601.0,3
1700242767,1305.0,973.0,958.0,601.0,3
1700242767,1310.0,964.0,958.0,601.0,3
1700242767,1309.0,953.0,958.0,601.0,3
1700242767,1309.0,944.0,958.0,601.0,3
1700242767,1302.0,942.0,958.0,601.0,3
1700242767,1300.0,946.0,958.0,601.0,3
1700242767,1304.0,949.0,958.0,601.0,3
1700242767,1320.0,976.0,958.0,601.0,3
1700242767,1316.0,948.0,958.0,601.0,3
1700242767,1313.0,922.0,958.0,601.0,3
1700242767,1315.0,884.0,958.0,601.0,3
1700242767,1311.0,849.0,958.0,601.0,3
1700242767,1209.0,782.0,958.0,601.0,3
1700242767,1143.0,708.0,958.0,601.0,3
1700242767,1109.0,652.0,958.0,601.0,3
1700242767,1087.0,621.0,958.0,601.0,3
1700242767,1078.0,608.0,958.0,601.0,3
1700242767,1073.0,605.0,958.0,601.0,3
1700242767,1085.0,620.0,958.0,601.0,3
1700242767,1097.0,634.0,958.0,601.0,3
1700242767,1103.0,640.0,958.0,601.0,3
1700242767,1108.0,643.0,958.0,601.0,3
1700242767,1113.0,644.0,958.0,601.0,3
1700242767,1119.0,647.0,958.0,601.0,3
1700242767,1125.0,650.0,958.0,601.0,3
1700242767,1130.0,652.0,958.0,601.0,3
1700242767,1290.0,878.0,958.0,601.0,3
1700242767,1295.0,865.0,958.0,601.0,3
1700242767,1210.0,742.0,958.0,601.0,3
1700242767,1206.0,735.0,958.0,601.0,3
1700242767,1201.0,729.0,958.0,601.0,3
1700242767,1213.0,734.0,958.0,601.0,3
1700242767,1223.0,739.0,958.0,601.0,3
1700242767,1228.0,750.0,958.0,601.0,3
1700242767,1226.0,748.0,958.0,601.0,3
1700242767,1213.0,758.0,958.0,601.0,3
1700242767,1226.0,761.0,958.0,601.0,3
1700242767,1250.0,781.0,958.0,601.0,3
1700242767,1248.0,783.0,958.0,601.0,3
1700242767,1263.0,789.0,958.0,601.0,3
1700242767,1296.0,817.0,958.0,601.0,3
1700242767,1372.0,780.0,958.0,601.0,3
1700242767,1586.0,574.0,958.0,601.0,3
1700242767,1285.0,1017.0,958.0,601.0,3
1700242767,1284.0,987.0,958.0,601.0,3
1700242767,1295.0,987.0,958.0,601.0,3
1700242767,1216.0,739.0,958.0,601.0,3
1700242767,1247.0,783.0,958.0,601.0,3
1700242767,1277.0,800.0,958.0,601.0,3
1700242767,1288.0,798.0,958.0,601.0,3
1700242767,1279.0,784.0,958.0,601.0,3
1700242767,1288.0,786.0,958.0,601.0,3
1700242767,1292.0,782.0,958.0,601.0,3
1700242767,1291.0,785.0,958.0,601.0,3
1700242767,1295.0,794.0,958.0,601.0,3
1700242767,1288.0,789.0,958.0,601.0,3
1700242767,1285.0,787.0,958.0,601.0,3
1700242767,1280.0,782.0,958.0,601.0,3
1700242767,1274.0,777.0,958.0,601.0,3
1700242767,1262.0,760.0,958.0,601.0,3
1700242767,1269.0,765.0,958.0,601.0,3
1700242767,1429.0,712.0,958.0,601.0,3
1700242767,1545.0,655.0,958.0,601.0,3
1700242767,1373.0,773.0,958.0,601.0,3
1700242767,1377.0,791.0,958.0,601.0,3
1700242767,1493.0,697.0,958.0,601.0,3
1700242767,1587.0,659.0,958.0,601.0,3
1700242767,1453.0,788.0,958.0,601.0,3
1700242767,1537.0,737.0,958.0,601.0,3
1700242767,1612.0,710.0,958.0,601.0,3
1700242767,1385.0,990.0,958.0,601.0,3
1700242767,1452.0,1136.0,958.0,601.0,3
1700242767,1765.0,856.0,958.0,601.0,3
1700242767,1770.0,822.0,958.0,601.0,3
1700242767,1782.0,854.0,958.0,601.0,3
1700242767,1982.0,537.0,958.0,601.0,3
1700242767,1611.0,944.0,958.0,601.0,3
1700242767,1507.0,981.0,958.0,601.0,3
1700242767,1453.0,1012.0,958.0,601.0,3
1700242767,1276.0,832.0,958.0,601.0,3
1700242767,1311.0,882.0,958.0,601.0,3
1700242767,1413.0,907.0,958.0,601.0,3
1700242767,1386.0,918.0,958.0,601.0,3
1700242767,1379.0,932.0,958.0,601.0,3
1700242767,1388.0,960.0,958.0,601.0,3
1700242767,1400.0,977.0,958.0,601.0,3
1700242767,1429.0,994.0,958.0,601.0,3
1700242767,1472.0,1014.0,958.0,601.0,3
1700242767,1452.0,1016.0,958.0,601.0,3
1700242767,1439.0,1017.0,958.0,601.0,3
1700242767,1434.0,1022.0,958.0,601.0,3
1700242767,1431.0,1029.0,958.0,601.0,3
1700242767,1440.0,1046.0,958.0,601.0,3
1700242767,1451.0,1064.0,958.0,601.0,3
1700242767,1439.0,1024.0,958.0,601.0,3
1700242767,1426.0,973.0,958.0,601.0,3
1700242767,1412.0,996.0,958.0,601.0,3
1700242767,1441.0,950.0,958.0,601.0,3
1700242767,1439.0,937.0,958.0,601.0,3
1700242767,1423.0,905.0,958.0,601.0,3
1700242767,1558.0,1286.0,958.0,601.0,3
1700242767,1411.0,906.0,958.0,601.0,3
1700242768,1529.0,1235.0,958.0,601.0,3
1700242768,1629.0,1513.0,958.0,601.0,3
1700242768,1518.0,1199.0,958.0,601.0,3
1700242768,1507.0,1158.0,958.0,601.0,3
1700242768,1438.0,964.0,958.0,601.0,3
1700242768,1439.0,972.0,958.0,601.0,3
1700242768,1470.0,1273.0,958.0,601.0,3
1700242768,1453.0,1120.0,958.0,601.0,3
1700242768,1461.0,1115.0,958.0,601.0,3
1700242768,1447.0,1111.0,958.0,601.0,3
1700242768,1449.0,1113.0,958.0,601.0,3
1700242768,963.0,810.0,958.0,601.0,3
1700242768,958.0,824.0,958.0,601.0,3
1700242768,947.0,802.0,958.0,601.0,3
1700242768,931.0,792.0,958.0,601.0,3
1700242768,967.0,806.0,958.0,601.0,3
1700242768,945.0,943.0,958.0,601.0,3
1700242768,1052.0,854.0,958.0,601.0,3
1700242768,1089.0,887.0,958.0,601.0,3
1700242768,932.0,1000.0,958.0,601.0,3
1700242768,1042.0,867.0,958.0,601.0,3
1700242768,951.0,686.0,958.0,601.0,3
1700242768,932.0,705.0,958.0,601.0,3
1700242768,826.0,818.0,958.0,601.0,3
1700242768,1098.0,1015.0,958.0,601.0,3
1700242768,1084.0,792.0,958.0,601.0,3
1700242768,1086.0,788.0,958.0,601.0,3
1700242768,1118.0,799.0,958.0,601.0,3
1700242768,1160.0,1003.0,958.0,601.0,3
1700242768,1201.0,1046.0,958.0,601.0,3
1700242768,1277.0,982.0,958.0,601.0,3
1700242768,1317.0,1008.0,958.0,601.0,3
1700242768,1331.0,1026.0,958.0,601.0,3
1700242768,1322.0,1019.0,958.0,601.0,3
1700242768,1279.0,988.0,958.0,601.0,3
1700242768,1284.0,990.0,958.0,601.0,3
1700242768,1309.0,1000.0,958.0,601.0,3
1700242768,1331.0,1009.0,958.0,601.0,3
1700242768,1335.0,1017.0,958.0,601.0,3
1700242768,1357.0,1025.0,958.0,601.0,3
1700242768,1363.0,1030.0,958.0,601.0,3
1700242768,1351.0,1028.0,958.0,601.0,3
1700242768,1353.0,1033.0,958.0,601.0,3
1700242768,1342.0,1025.0,958.0,601.0,3
1700242768,1311.0,1140.0,958.0,601.0,3
1700242768,1265.0,955.0,958.0,601.0,3
1700242768,1204.0,911.0,958.0,601.0,3
1700242768,1168.0,1038.0,958.0,601.0,3
1700242768,1036.0,913.0,958.0,601.0,3
1700242768,1199.0,1061.0,958.0,601.0,3
1700242768,1220.0,1059.0,958.0,601.0,3
1700242768,1226.0,1062.0,958.0,601.0,3
1700242768,1271.0,1125.0,958.0,601.0,3
1700242768,1288.0,1184.0,958.0,601.0,3
1700242768,1267.0,1147.0,958.0,601.0,3
1700242768,1260.0,1140.0,958.0,601.0,3
1700242768,1252.0,1143.0,958.0,601.0,3
1700242768,1248.0,1120.0,958.0,601.0,3
1700242768,1272.0,1101.0,958.0,601.0,3
1700242768,1305.0,1125.0,958.0,601.0,3
1700242768,1343.0,1132.0,958.0,601.0,3
1700242768,1368.0,1134.0,958.0,601.0,3
1700242768,1373.0,1133.0,958.0,601.0,3
1700242768,1384.0,1155.0,958.0,601.0,3
1700242768,1377.0,1145.0,958.0,601.0,3
1700242768,1373.0,1143.0,958.0,601.0,3
1700242768,1394.0,1167.0,958.0,601.0,3
1700242768,1330.0,986.0,958.0,601.0,3
1700242768,1326.0,989.0,958.0,601.0,3
1700242768,1263.0,1147.0,958.0,601.0,3
1700242768,1324.0,1005.0,958.0,601.0,3
1700242768,1322.0,1019.0,958.0,601.0,3
1700242768,1308.0,1018.0,958.0,601.0,3
1700242768,1254.0,1133.0,958.0,601.0,3
1700242768,1212.0,1241.0,958.0,601.0,3
1700242768,1244.0,1119.0,958.0,601.0,3
1700242768,1238.0,1109.0,958.0,601.0,3
1700242768,1240.0,956.0,958.0,601.0,3
1700242768,1216.0,961.0,958.0,601.0,3
1700242768,1148.0,1128.0,958.0,601.0,3
1700242768,1167.0,1127.0,958.0,601.0,3
1700242768,1108.0,1065.0,958.0,601.0,3
1700242768,1041.0,1007.0,958.0,601.0,3
1700242768,1202.0,866.0,958.0,601.0,3
1700242768,1152.0,856.0,958.0,601.0,3
1700242768,1194.0,870.0,958.0,601.0,3
1700242768,1150.0,956.0,958.0,601.0,3
1700242768,1185.0,952.0,958.0,601.0,3
1700242768,1205.0,955.0,958.0,601.0,3
1700242768,1224.0,963.0,958.0,601.0,3
1700242768,1227.0,964.0,958.0,601.0,3
1700242768,1224.0,960.0,958.0,601.0,3
1700242768,1217.0,941.0,958.0,601.0,3
1700242768,1207.0,925.0,958.0,601.0,3
1700242768,1189.0,902.0,958.0,601.0,3
1700242768,1189.0,881.0,958.0,601.0,3
1700242768,1195.0,876.0,958.0,601.0,3
1700242768,1204.0,883.0,958.0,601.0,3
1700242768,1222.0,917.0,958.0,601.0,3
1700242768,1235.0,935.0,958.0,601.0,3
1700242768,1199.0,924.0,958.0,601.0,3
1700242768,1177.0,788.0,958.0,601.0,3
1700242768,1082.0,913.0,958.0,601.0,3
1700242768,1052.0,874.0,958.0,601.0,3
1700242768,1024.0,847.0,958.0,601.0,3
1700242768,1070.0,867.0,958.0,601.0,3
1700242768,1098.0,872.0,958.0,601.0,3
1700242768,1166.0,762.0,958.0,601.0,3
1700242768,1289.0,950.0,958.0,601.0,3
1700242768,1242.0,934.0,958.0,601.0,3
1700242768,1250.0,958.0,958.0,601.0,3
1700242768,1247.0,948.0,958.0,601.0,3
1700242768,1236.0,927.0,958.0,601.0,3
1700242768,1314.0,1012.0,958.0,601.0,3
1700242768,1326.0,1010.0,958.0,601.0,3
1700242768,1245.0,930.0,958.0,601.0,3
1700242768,1239.0,915.0,958.0,601.0,3
1700242768,1242.0,919.0,958.0,601.0,3
1700242768,1351.0,1071.0,958.0,601.0,3
1700242768,1344.0,1082.0,958.0,601.0,3
1700242768,1329.0,1066.0,958.0,601.0,3
1700242768,1301.0,1037.0,958.0,601.0,3
1700242768,1257.0,978.0,958.0,601.0,3
1700242768,1232.0,944.0,958.0,601.0,3
1700242768,1239.0,963.0,958.0,601.0,3
1700242768,1191.0,869.0,958.0,601.0,3
1700242768,1185.0,862.0,958.0,601.0,3
1700242768,1096.0,1011.0,958.0,601.0,3
1700242768,1126.0,1011.0,958.0,601.0,3
1700242768,1150.0,1005.0,958.0,601.0,3
1700242768,1213.0,873.0,958.0,601.0,3
1700242768,1202.0,860.0,958.0,601.0,3
1700242768,1242.0,1120.0,958.0,601.0,3
1700242768,1276.0,1157.0,958.0,601.0,3
1700242768,1258.0,1118.0,958.0,601.0,3
1700242768,1249.0,1078.0,958.0,601.0,3
1700242768,1211.0,872.0,958.0,601.0,3
1700242768,1231.0,890.0,958.0,601.0,3
1700242768,1316.0,1151.0,958.0,601.0,3
1700242768,1330.0,1169.0,958.0,601.0,3
1700242768,1316.0,1128.0,958.0,601.0,3
1700242768,1269.0,1060.0,958.0,601.0,3
1700242768,1267.0,1058.0,958.0,601.0,3
1700242768,1327.0,1288.0,958.0,601.0,3
1700242768,1184.0,956.0,958.0,601.0,3
1700242768,1177.0,943.0,958.0,601.0,3
1700242768,1206.0,960.0,958.0,601.0,3
1700242768,1231.0,968.0,958.0,601.0,3
1700242768,1337.0,1168.0,958.0,601.0,3
1700242768,1381.0,1185.0,958.0,601.0,3
1700242768,1352.0,980.0,958.0,601.0,3
1700242768,1376.0,984.0,958.0,601.0,3
1700242768,1204.0,920.0,958.0,601.0,3
1700242768,1223.0,948.0,958.0,601.0,3
1700242768,1239.0,969.0,958.0,601.0,3
1700242768,1256.0,986.0,958.0,601.0,3
1700242768,1276.0,998.0,958.0,601.0,3
1700242768,1257.0,982.0,958.0,601.0,3
1700242768,1439.0,1190.0,958.0,601.0,3
1700242768,1493.0,1299.0,958.0,601.0,3
1700242768,1478.0,1270.0,958.0,601.0,3
1700242768,1311.0,839.0,958.0,601.0,3
1700242768,1289.0,923.0,958.0,601.0,3
1700242768,1315.0,862.0,958.0,601.0,3
1700242768,1315.0,870.0,958.0,601.0,3
1700242768,1328.0,839.0,958.0,601.0,3
1700242768,1520.0,719.0,958.0,601.0,3
1700242768,1692.0,622.0,958.0,601.0,3
1700242768,1451.0,1089.0,958.0,601.0,3
1700242768,1466.0,1074.0,958.0,601.0,3
1700242768,1453.0,1046.0,958.0,601.0,3
1700242768,1467.0,979.0,958.0,601.0,3
1700242768,1449.0,1009.0,958.0,601.0,3
1700242768,1459.0,1020.0,958.0,601.0,3
1700242768,1452.0,1006.0,958.0,601.0,3
1700242768,1435.0,965.0,958.0,601.0,3
1700242768,1450.0,962.0,958.0,601.0,3
1700242768,1438.0,947.0,958.0,601.0,3
1700242768,1448.0,991.0,958.0,601.0,3
1700242768,1413.0,915.0,958.0,601.0,3
1700242768,1387.0,878.0,958.0,601.0,3
1700242768,1421.0,954.0,958.0,601.0,3
1700242768,1361.0,846.0,958.0,601.0,3
1700242768,1363.0,859.0,958.0,601.0,3
1700242768,1362.0,867.0,958.0,601.0,3
1700242768,1424.0,967.0,958.0,601.0,3
1700242768,1424.0,963.0,958.0,601.0,3
1700242768,1367.0,869.0,958.0,601.0,3
1700242768,1419.0,950.0,958.0,601.0,3
1700242768,1371.0,865.0,958.0,601.0,3
1700242768,1373.0,866.0,958.0,601.0,3
1700242768,1422.0,953.0,958.0,601.0,3
1700242768,1427.0,958.0,958.0,601.0,3
1700242768,1431.0,962.0,958.0,601.0,3
1700242768,1429.0,962.0,958.0,601.0,3
1700242768,1426.0,956.0,958.0,601.0,3
1700242768,1429.0,960.0,958.0,601.0,3
1700242768,1414.0,888.0,958.0,601.0,3
1700242768,1440.0,968.0,958.0,601.0,3
1700242768,1446.0,972.0,958.0,601.0,3
1700242768,1455.0,981.0,958.0,601.0,3
1700242768,1451.0,983.0,958.0,601.0,3
1700242768,1450.0,987.0,958.0,601.0,3
1700242768,1449.0,1003.0,958.0,601.0,3
1700242768,1447.0,1021.0,958.0,601.0,3
1700242768,1456.0,1032.0,958.0,601.0,3
1700242768,1458.0,1027.0,958.0,601.0,3
1700242768,1471.0,1041.0,958.0,601.0,3
1700242768,1532.0,1156.0,958.0,601.0,3
1700242768,1539.0,1161.0,958.0,601.0,3
1700242768,1486.0,937.0,958.0,601.0,3
1700242768,1466.0,899.0,958.0,601.0,3
1700242768,1444.0,851.0,958.0,601.0,3
1700242768,1433.0,845.0,958.0,601.0,3
1700242768,1431.0,853.0,958.0,601.0,3
1700242768,1414.0,826.0,958.0,601.0,3
1700242768,1412.0,819.0,958.0,601.0,3
1700242768,1431.0,840.0,958.0,601.0,3
1700242768,1448.0,854.0,958.0,601.0,3
1700242768,1463.0,865.0,958.0,601.0,3
1700242768,1484.0,878.0,958.0,601.0,3
1700242768,1487.0,878.0,958.0,601.0,3
1700242768,1522.0,1034.0,958.0,601.0,3
1700242768,1527.0,1033.0,958.0,601.0,3
1700242768,1535.0,1029.0,958.0,601.0,3
1700242768,1534.0,1016.0,958.0,601.0,3
1700242768,1535.0,1006.0,958.0,601.0,3
1700242768,1513.0,872.0,958.0,601.0,3
1700242768,1518.0,880.0,958.0,601.0,3
1700242768,1519.0,878.0,958.0,601.0,3
1700242768,1518.0,877.0,958.0,601.0,3
1700242768,1551.0,998.0,958.0,601.0,3
1700242768,1551.0,995.0,958.0,601.0,3
1700242768,1537.0,981.0,958.0,601.0,3
1700242768,1519.0,950.0,958.0,601.0,3
1700242768,1524.0,904.0,958.0,601.0,3
1700242768,1710.0,657.0,958.0,601.0,3
1700242768,1690.0,869.0,958.0,601.0,3
1700242768,1665.0,668.0,958.0,601.0,3
1700242768,1599.0,685.0,958.0,601.0,3
1700242768,1602.0,913.0,958.0,601.0,3
1700242768,1519.0,703.0,958.0,601.0,3
1700242768,1485.0,709.0,958.0,601.0,3
1700242768,1543.0,1017.0,958.0,601.0,3
1700242768,1525.0,834.0,958.0,601.0,3
1700242768,1489.0,832.0,958.0,601.0,3
1700242768,1484.0,967.0,958.0,601.0,3
1700242768,1460.0,945.0,958.0,601.0,3
1700242768,1416.0,814.0,958.0,601.0,3
1700242768,1441.0,930.0,958.0,601.0,3
1700242768,1437.0,917.0,958.0,601.0,3
1700242768,1425.0,832.0,958.0,601.0,3
1700242768,1432.0,903.0,958.0,601.0,3
1700242768,1425.0,838.0,958.0,601.0,3
1700242768,1417.0,842.0,958.0,601.0,3
1700242768,1382.0,846.0,958.0,601.0,3
1700242768,1315.0,848.0,958.0,601.0,3
1700242768,573.0,918.0,958.0,601.0,3
1700242768,618.0,929.0,958.0,601.0,3
1700242768,864.0,991.0,958.0,601.0,3
1700242768,875.0,994.0,958.0,601.0,3
1700242768,704.0,924.0,958.0,601.0,3
1700242768,701.0,894.0,958.0,601.0,3
1700242768,775.0,906.0,958.0,601.0,3
1700242768,735.0,821.0,958.0,601.0,3
1700242768,736.0,719.0,958.0,601.0,3
1700242768,720.0,663.0,958.0,601.0,3
1700242768,719.0,682.0,958.0,601.0,3
1700242768,710.0,657.0,958.0,601.0,3
1700242768,704.0,634.0,958.0,601.0,3
1700242768,699.0,621.0,958.0,601.0,3
1700242768,695.0,609.0,958.0,601.0,3
1700242768,692.0,604.0,958.0,601.0,3
1700242768,692.0,606.0,958.0,601.0,3
1700242768,690.0,602.0,958.0,601.0,3
1700242768,687.0,599.0,958.0,601.0,3
1700242768,686.0,597.0,958.0,601.0,3
1700242768,682.0,595.0,958.0,601.0,3
1700242768,682.0,593.0,958.0,601.0,3
1700242768,680.0,589.0,958.0,601.0,3
1700242768,679.0,586.0,958.0,601.0,3
1700242768,679.0,585.0,958.0,601.0,3
1700242768,685.0,586.0,958.0,601.0,3
1700242768,684.0,586.0,958.0,601.0,3
1700242768,683.0,587.0,958.0,601.0,3
1700242768,682.0,587.0,958.0,601.0,3
1700242768,682.0,587.0,958.0,601.0,3
1700242768,681.0,588.0,958.0,601.0,3
1700242768,681.0,588.0,958.0,601.0,3
1700242768,681.0,588.0,958.0,601.0,3
1700242768,680.0,588.0,958.0,601.0,3
1700242768,678.0,588.0,958.0,601.0,3
1700242768,678.0,589.0,958.0,601.0,3
1700242768,677.0,590.0,958.0,601.0,3
1700242768,676.0,591.0,958.0,601.0,3
1700242768,675.0,592.0,958.0,601.0,3
1700242768,674.0,594.0,958.0,601.0,3
1700242768,674.0,596.0,958.0,601.0,3
1700242768,672.0,598.0,958.0,601.0,3
1700242768,672.0,600.0,958.0,601.0,3
1700242768,672.0,601.0,958.0,601.0,3
1700242768,673.0,601.0,958.0,601.0,3
1700242768,675.0,602.0,958.0,601.0,3
1700242768,679.0,610.0,958.0,601.0,3
1700242768,687.0,624.0,958.0,601.0,3
1700242768,694.0,639.0,958.0,601.0,3
1700242768,697.0,655.0,958.0,601.0,3
1700242768,703.0,666.0,958.0,601.0,3
1700242768,705.0,672.0,958.0,601.0,3
1700242768,712.0,681.0,958.0,601.0,3
1700242768,721.0,690.0,958.0,601.0,3
1700242768,728.0,696.0,958.0,601.0,3
1700242768,732.0,701.0,958.0,601.0,3
1700242768,733.0,706.0,958.0,601.0,3
1700242768,737.0,711.0,958.0,601.0,3
1700242768,739.0,712.0,958.0,601.0,3
1700242768,742.0,713.0,958.0,601.0,3
1700242768,744.0,715.0,958.0,601.0,3
1700242768,747.0,716.0,958.0,601.0,3
1700242768,749.0,627.0,958.0,601.0,3
1700242768,753.0,630.0,958.0,601.0,3
1700242768,755.0,631.0,958.0,601.0,3
1700242768,756.0,630.0,958.0,601.0,3
1700242768,756.0,628.0,958.0,601.0,3
1700242768,757.0,625.0,958.0,601.0,3
1700242768,757.0,623.0,958.0,601.0,3
1700242768,756.0,622.0,958.0,601.0,3
1700242768,758.0,625.0,958.0,601.0,3
1700242768,761.0,628.0,958.0,601.0,3
1700242768,765.0,635.0,958.0,601.0,3
1700242768,771.0,643.0,958.0,601.0,3
1700242768,778.0,652.0,958.0,601.0,3
1700242768,872.0,1064.0,958.0,601.0,3
1700242768,885.0,1036.0,958.0,601.0,3
1700242768,857.0,1001.0,958.0,601.0,3
1700242768,998.0,999.0,958.0,601.0,3
1700242768,1026.0,999.0,958.0,601.0,3
1700242768,928.0,1040.0,958.0,601.0,3
1700242768,908.0,1045.0,958.0,601.0,3
1700242768,891.0,1034.0,958.0,601.0,3
1700242768,869.0,929.0,958.0,601.0,3
1700242768,851.0,912.0,958.0,601.0,3
1700242768,830.0,886.0,958.0,601.0,3
1700242768,827.0,887.0,958.0,601.0,3
1700242768,795.0,833.0,958.0,601.0,3
1700242768,801.0,841.0,958.0,601.0,3
1700242768,792.0,844.0,958.0,601.0,3
1700242768,896.0,907.0,958.0,601.0,3
1700242768,786.0,825.0,958.0,601.0,3
1700242768,913.0,898.0,958.0,601.0,3
1700242768,925.0,891.0,958.0,601.0,3
1700242768,915.0,881.0,958.0,601.0,3
1700242768,776.0,803.0,958.0,601.0,3
1700242768,912.0,894.0,958.0,601.0,3
1700242768,915.0,897.0,958.0,601.0,3
1700242768,776.0,801.0,958.0,601.0,3
1700242768,771.0,801.0,958.0,601.0,3
1700242768,777.0,801.0,958.0,601.0,3
1700242768,775.0,798.0,958.0,601.0,3
1700242768,777.0,804.0,958.0,601.0,3
1700242768,774.0,802.0,958.0,601.0,3
1700242768,769.0,802.0,958.0,601.0,3
1700242768,770.0,803.0,958.0,601.0,3
1700242768,758.0,805.0,958.0,601.0,3
1700242768,762.0,834.0,958.0,601.0,3
1700242768,774.0,832.0,958.0,601.0,3
1700242768,948.0,926.0,958.0,601.0,3
1700242768,781.0,828.0,958.0,601.0,3
1700242768,781.0,826.0,958.0,601.0,3
1700242768,781.0,825.0,958.0,601.0,3
1700242768,786.0,812.0,958.0,601.0,3
1700242768,807.0,820.0,958.0,601.0,3
1700242768,824.0,828.0,958.0,601.0,3
1700242768,817.0,829.0,958.0,601.0,3
1700242768,1088.0,780.0,958.0,601.0,3
1700242768,1110.0,1008.0,958.0,601.0,3
1700242768,1175.0,884.0,958.0,601.0,3
1700242768,1185.0,899.0,958.0,601.0,3
1700242768,1145.0,1020.0,958.0,601.0,3
1700242768,1077.0,1125.0,958.0,601.0,3
1700242768,1092.0,915.0,958.0,601.0,3
1700242768,1085.0,912.0,958.0,601.0,3
1700242768,1050.0,918.0,958.0,601.0,3
1700242768,1053.0,911.0,958.0,601.0,3
1700242768,1072.0,905.0,958.0,601.0,3
1700242768,1061.0,889.0,958.0,601.0,3
1700242768,1049.0,846.0,958.0,601.0,3
1700242768,1002.0,810.0,958.0,601.0,3
1700242768,867.0,778.0,958.0,601.0,3
1700242768,861.0,725.0,958.0,601.0,3
1700242768,880.0,692.0,958.0,601.0,3
1700242768,888.0,667.0,958.0,601.0,3
1700242768,898.0,651.0,958.0,601.0,3
1700242768,903.0,644.0,958.0,601.0,3
1700242768,910.0,644.0,958.0,601.0,3
1700242768,914.0,642.0,958.0,601.0,3
1700242768,917.0,643.0,958.0,601.0,3
1700242768,921.0,643.0,958.0,601.0,3
1700242768,922.0,639.0,958.0,601.0,3
1700242768,925.0,632.0,958.0,601.0,3
1700242768,925.0,622.0,958.0,601.0,3
1700242768,927.0,613.0,958.0,601.0,3
1700242768,929.0,613.0,958.0,601.0,3
1700242768,928.0,610.0,958.0,601.0,3
1700242768,929.0,606.0,958.0,601.0,3
1700242768,929.0,603.0,958.0,601.0,3
1700242768,928.0,606.0,958.0,601.0,3
1700242768,1292.0,1019.0,958.0,601.0,3
1700242768,1276.0,1012.0,958.0,601.0,3
1700242768,1224.0,965.0,958.0,601.0,3
1700242768,1079.0,863.0,958.0,601.0,3
1700242768,1002.0,820.0,958.0,601.0,3
1700242768,942.0,803.0,958.0,601.0,3
1700242768,918.0,783.0,958.0,601.0,3
1700242768,880.0,754.0,958.0,601.0,3
1700242768,1156.0,899.0,958.0,601.0,3
1700242768,1157.0,904.0,958.0,601.0,3
1700242768,1208.0,1016.0,958.0,601.0,3
1700242768,1155.0,903.0,958.0,601.0,3
1700242768,1150.0,924.0,958.0,601.0,3
1700242768,1046.0,775.0,958.0,601.0,3
1700242768,1045.0,755.0,958.0,601.0,3
1700242768,1038.0,754.0,958.0,601.0,3
1700242768,1023.0,757.0,958.0,601.0,3
1700242768,1168.0,1007.0,958.0,601.0,3
1700242768,1035.0,762.0,958.0,601.0,3
1700242768,1038.0,767.0,958.0,601.0,3
1700242768,1070.0,782.0,958.0,601.0,3
1700242768,1186.0,978.0,958.0,601.0,3
1700242768,1193.0,966.0,958.0,601.0,3
1700242768,1179.0,946.0,958.0,601.0,3
1700242768,1180.0,945.0,958.0,601.0,3
1700242768,1116.0,781.0,958.0,601.0,3
1700242768,1185.0,950.0,958.0,601.0,3
1700242768,1117.0,776.0,958.0,601.0,3
1700242768,1133.0,954.0,958.0,601.0,3
1700242768,1124.0,951.0,958.0,601.0,3
1700242768,1132.0,954.0,958.0,601.0,3
1700242768,1093.0,749.0,958.0,601.0,3
1700242768,1146.0,941.0,958.0,601.0,3
1700242768,1152.0,928.0,958.0,601.0,3
1700242768,1158.0,903.0,958.0,601.0,3
1700242768,1185.0,922.0,958.0,601.0,3
1700242768,1193.0,938.0,958.0,601.0,3
1700242768,1197.0,942.0,958.0,601.0,3
1700242768,1192.0,943.0,958.0,601.0,3
1700242768,1160.0,796.0,958.0,601.0,3
1700242768,1163.0,807.0,958.0,601.0,3
1700242768,1192.0,853.0,958.0,601.0,3
1700242768,1219.0,895.0,958.0,601.0,3
1700242768,1236.0,901.0,958.0,601.0,3
1700242768,1231.0,886.0,958.0,601.0,3
1700242768,1216.0,871.0,958.0,601.0,3
1700242768,1265.0,1108.0,958.0,601.0,3
1700242768,1261.0,1109.0,958.0,601.0,3
1700242768,1257.0,1097.0,958.0,601.0,3
1700242768,1234.0,918.0,958.0,601.0,3
1700242768,1219.0,905.0,958.0,601.0,3
1700242768,1110.0,931.0,958.0,601.0,3
1700242768,1143.0,937.0,958.0,601.0,3
1700242768,1207.0,969.0,958.0,601.0,3
1700242768,1237.0,996.0,958.0,601.0,3
1700242768,1254.0,1027.0,958.0,601.0,3
1700242768,1261.0,1144.0,958.0,601.0,3
1700242768,1248.0,1131.0,958.0,601.0,3
1700242768,1274.0,1257.0,958.0,601.0,3
1700242768,1270.0,1251.0,958.0,601.0,3
1700242768,1235.0,994.0,958.0,601.0,3
1700242768,792.0,894.0,958.0,601.0,3
1700242768,790.0,887.0,958.0,601.0,3
1700242768,773.0,881.0,958.0,601.0,3
1700242768,852.0,774.0,958.0,601.0,3
1700242768,820.0,788.0,958.0,601.0,3
1700242768,790.0,762.0,958.0,601.0,3
1700242768,728.0,842.0,958.0,601.0,3
1700242768,706.0,822.0,958.0,601.0,3
1700242768,616.0,883.0,958.0,601.0,3
1700242768,645.0,818.0,958.0,601.0,3
1700242768,639.0,818.0,958.0,601.0,3
1700242768,643.0,812.0,958.0,601.0,3
1700242768,651.0,803.0,958.0,601.0,3
1700242768,685.0,735.0,958.0,601.0,3
1700242768,652.0,823.0,958.0,601.0,3
1700242768,644.0,826.0,958.0,601.0,3
1700242768,645.0,829.0,958.0,601.0,3
1700242768,648.0,836.0,958.0,601.0,3
1700242768,643.0,843.0,958.0,601.0,3
1700242768,640.0,842.0,958.0,601.0,3
1700242768,642.0,846.0,958.0,601.0,3
1700242768,652.0,840.0,958.0,601.0,3
1700242768,664.0,833.0,958.0,601.0,3
1700242768,766.0,768.0,958.0,601.0,3
1700242768,808.0,776.0,958.0,601.0,3
1700242768,791.0,773.0,958.0,601.0,3
1700242768,693.0,848.0,958.0,601.0,3
1700242768,684.0,843.0,958.0,601.0,3
1700242768,681.0,835.0,958.0,601.0,3
1700242768,689.0,830.0,958.0,601.0,3
1700242768,689.0,824.0,958.0,601.0,3
1700242768,736.0,806.0,958.0,601.0,3
1700242768,679.0,811.0,958.0,601.0,3
1700242768,675.0,817.0,958.0,601.0,3
1700242768,671.0,809.0,958.0,601.0,3
1700242768,668.0,804.0,958.0,601.0,3
1700242768,661.0,811.0,958.0,601.0,3
1700242768,657.0,815.0,958.0,601.0,3
1700242768,660.0,812.0,958.0,601.0,3
1700242768,677.0,793.0,958.0,601.0,3
1700242768,657.0,829.0,958.0,601.0,3
1700242768,677.0,797.0,958.0,601.0,3
1700242768,663.0,806.0,958.0,601.0,3
1700242768,632.0,883.0,958.0,601.0,3
1700242768,645.0,879.0,958.0,601.0,3
1700242768,646.0,877.0,958.0,601.0,3
1700242768,629.0,877.0,958.0,601.0,3
1700242768,932.0,1251.0,958.0,601.0,3
1700242768,878.0,1146.0,958.0,601.0,3
1700242768,825.0,1071.0,958.0,601.0,3
1700242768,758.0,990.0,958.0,601.0,3
1700242768,739.0,962.0,958.0,601.0,3
1700242768,685.0,904.0,958.0,601.0,3
1700242768,698.0,858.0,958.0,601.0,3
1700242768,709.0,828.0,958.0,601.0,3
1700242768,770.0,796.0,958.0,601.0,3
1700242768,761.0,756.0,958.0,601.0,3
1700242768,762.0,741.0,958.0,601.0,3
1700242768,774.0,731.0,958.0,601.0,3
1700242768,775.0,750.0,958.0,601.0,3
1700242768,782.0,770.0,958.0,601.0,3
1700242768,773.0,773.0,958.0,601.0,3
1700242768,744.0,789.0,958.0,601.0,3
1700242768,725.0,802.0,958.0,601.0,3
1700242768,740.0,809.0,958.0,601.0,3
1700242768,731.0,806.0,958.0,601.0,3
1700242768,721.0,801.0,958.0,601.0,3
1700242768,727.0,803.0,958.0,601.0,3
1700242768,742.0,804.0,958.0,601.0,3
1700242768,752.0,807.0,958.0,601.0,3
1700242768,761.0,817.0,958.0,601.0,3
1700242768,756.0,819.0,958.0,601.0,3
1700242768,761.0,826.0,958.0,601.0,3
1700242768,746.0,794.0,958.0,601.0,3
1700242768,767.0,795.0,958.0,601.0,3
1700242768,824.0,820.0,958.0,601.0,3
1700242768,833.0,837.0,958.0,601.0,3
1700242768,903.0,842.0,958.0,601.0,3
1700242768,914.0,859.0,958.0,601.0,3
1700242768,900.0,891.0,958.0,601.0,3
1700242768,896.0,837.0,958.0,601.0,3
1700242768,920.0,843.0,958.0,601.0,3
1700242768,928.0,848.0,958.0,601.0,3
1700242768,953.0,861.0,958.0,601.0,3
1700242768,933.0,848.0,958.0,601.0,3
1700242768,928.0,865.0,958.0,601.0,3
1700242768,919.0,863.0,958.0,601.0,3
1700242768,850.0,933.0,958.0,601.0,3
1700242768,908.0,834.0,958.0,601.0,3
1700242768,848.0,800.0,958.0,601.0,3
1700242768,838.0,820.0,958.0,601.0,3
1700242768,848.0,825.0,958.0,601.0,3
1700242768,839.0,828.0,958.0,601.0,3
1700242768,1117.0,960.0,958.0,601.0,3
1700242768,791.0,774.0,958.0,601.0,3
1700242768,765.0,777.0,958.0,601.0,3
1700242768,760.0,763.0,958.0,601.0,3
1700242768,745.0,749.0,958.0,601.0,3
1700242768,893.0,949.0,958.0,601.0,3
1700242768,792.0,941.0,958.0,601.0,3
1700242768,756.0,883.0,958.0,601.0,3
1700242768,722.0,778.0,958.0,601.0,3
1700242768,724.0,768.0,958.0,601.0,3
1700242768,725.0,768.0,958.0,601.0,3
1700242768,750.0,770.0,958.0,601.0,3
1700242768,734.0,848.0,958.0,601.0,3
1700242768,779.0,765.0,958.0,601.0,3
1700242768,772.0,761.0,958.0,601.0,3
1700242768,766.0,766.0,958.0,601.0,3
1700242768,759.0,769.0,958.0,601.0,3
1700242768,798.0,904.0,958.0,601.0,3
1700242768,739.0,785.0,958.0,601.0,3
1700242768,762.0,787.0,958.0,601.0,3
1700242768,847.0,806.0,958.0,601.0,3
1700242768,894.0,800.0,958.0,601.0,3
1700242768,888.0,774.0,958.0,601.0,3
1700242768,873.0,778.0,958.0,601.0,3
1700242768,920.0,800.0,958.0,601.0,3
1700242768,925.0,806.0,958.0,601.0,3
1700242768,891.0,809.0,958.0,601.0,3
1700242768,1000.0,1019.0,958.0,601.0,3
1700242768,796.0,826.0,958.0,601.0,3
1700242768,925.0,1011.0,958.0,601.0,3
1700242768,817.0,919.0,958.0,601.0,3
1700242768,692.0,799.0,958.0,601.0,3
1700242768,744.0,905.0,958.0,601.0,3
1700242768,730.0,861.0,958.0,601.0,3
1700242768,822.0,859.0,958.0,601.0,3
1700242768,733.0,792.0,958.0,601.0,3
1700242768,814.0,879.0,958.0,601.0,3
1700242768,787.0,849.0,958.0,601.0,3
1700242768,776.0,789.0,958.0,601.0,3
1700242768,728.0,809.0,958.0,601.0,3
1700242768,741.0,768.0,958.0,601.0,3
1700242768,744.0,758.0,958.0,601.0,3
1700242768,835.0,938.0,958.0,601.0,3
1700242768,857.0,936.0,958.0,601.0,3
1700242768,748.0,751.0,958.0,601.0,3
1700242768,742.0,759.0,958.0,601.0,3
1700242768,817.0,954.0,958.0,601.0,3
1700242768,790.0,961.0,958.0,601.0,3
1700242768,770.0,959.0,958.0,601.0,3
1700242768,767.0,973.0,958.0,601.0,3
1700242768,765.0,876.0,958.0,601.0,3
1700242768,766.0,874.0,958.0,601.0,3
1700242768,773.0,881.0,958.0,601.0,3
1700242768,807.0,894.0,958.0,601.0,3
1700242768,809.0,889.0,958.0,601.0,3
1700242768,800.0,879.0,958.0,601.0,3
1700242768,800.0,878.0,958.0,601.0,3
1700242768,819.0,870.0,958.0,601.0,3
1700242768,854.0,865.0,958.0,601.0,3
1700242768,877.0,869.0,958.0,601.0,3
1700242768,914.0,864.0,958.0,601.0,3
1700242768,887.0,869.0,958.0,601.0,3
1700242768,876.0,859.0,958.0,601.0,3
1700242768,859.0,825.0,958.0,601.0,3
1700242768,840.0,782.0,958.0,601.0,3
1700242768,796.0,753.0,958.0,601.0,3
1700242768,790.0,728.0,958.0,601.0,3
1700242768,789.0,711.0,958.0,601.0,3
1700242768,787.0,699.0,958.0,601.0,3
1700242768,787.0,688.0,958.0,601.0,3
1700242768,788.0,682.0,958.0,601.0,3
1700242768,792.0,679.0,958.0,601.0,3
1700242768,792.0,676.0,958.0,601.0,3
1700242768,794.0,672.0,958.0,601.0,3
1700242768,793.0,668.0,958.0,601.0,3
1700242768,794.0,666.0,958.0,601.0,3
1700242768,795.0,667.0,958.0,601.0,3
1700242768,795.0,666.0,958.0,601.0,3
1700242768,791.0,661.0,958.0,601.0,3
1700242768,783.0,647.0,958.0,601.0,3
1700242768,776.0,630.0,958.0,601.0,3
1700242768,772.0,616.0,958.0,601.0,3
1700242768,770.0,609.0,958.0,601.0,3
1700242768,768.0,597.0,958.0,601.0,3
1700242768,770.0,591.0,958.0,601.0,3
1700242768,770.0,588.0,958.0,601.0,3
1700242768,769.0,588.0,958.0,601.0,3
1700242768,768.0,588.0,958.0,601.0,3
1700242768,767.0,588.0,958.0,601.0,3
1700242768,768.0,590.0,958.0,601.0,3
1700242768,768.0,591.0,958.0,601.0,3
1700242768,769.0,592.0,958.0,601.0,3
1700242768,769.0,593.0,958.0,601.0,3
1700242768,768.0,595.0,958.0,601.0,3
1700242768,767.0,598.0,958.0,601.0,3
1700242768,768.0,600.0,958.0,601.0,3
1700242768,1114.0,909.0,958.0,601.0,3
1700242768,1156.0,960.0,958.0,601.0,3
1700242768,1261.0,846.0,958.0,601.0,3
1700242768,1262.0,845.0,958.0,601.0,3
1700242768,1271.0,843.0,958.0,601.0,3
1700242768,1261.0,839.0,958.0,601.0,3
1700242768,1160.0,927.0,958.0,601.0,3
1700242768,1253.0,827.0,958.0,601.0,3
1700242768,1140.0,909.0,958.0,601.0,3
1700242768,1140.0,906.0,958.0,601.0,3
1700242768,1170.0,769.0,958.0,601.0,3
1700242768,1203.0,993.0,958.0,601.0,3
1700242768,1248.0,1021.0,958.0,601.0,3
1700242768,1161.0,790.0,958.0,601.0,3
1700242768,1241.0,1021.0,958.0,601.0,3
1700242768,1174.0,783.0,958.0,601.0,3
1700242768,1169.0,782.0,958.0,601.0,3
1700242768,1171.0,783.0,958.0,601.0,3
1700242768,1235.0,1006.0,958.0,601.0,3
1700242768,1230.0,995.0,958.0,601.0,3
1700242768,1163.0,783.0,958.0,601.0,3
1700242768,1173.0,786.0,958.0,601.0,3
1700242768,1180.0,795.0,958.0,601.0,3
1700242768,1202.0,803.0,958.0,601.0,3
1700242768,1239.0,944.0,958.0,601.0,3
1700242768,1235.0,932.0,958.0,601.0,3
1700242768,1187.0,792.0,958.0,601.0,3
1700242768,1281.0,1125.0,958.0,601.0,3
1700242768,1299.0,747.0,958.0,601.0,3
1700242768,1304.0,751.0,958.0,601.0,3
1700242768,1304.0,747.0,958.0,601.0,3
1700242768,1291.0,736.0,958.0,601.0,3
1700242768,1262.0,720.0,958.0,601.0,3
1700242768,1235.0,704.0,958.0,601.0,3
1700242768,1231.0,691.0,958.0,601.0,3
1700242768,1297.0,837.0,958.0,601.0,3
1700242768,1294.0,835.0,958.0,601.0,3
1700242768,1284.0,822.0,958.0,601.0,3
1700242768,1275.0,799.0,958.0,601.0,3
1700242768,1219.0,675.0,958.0,601.0,3
1700242768,1235.0,699.0,958.0,601.0,3
1700242768,1273.0,746.0,958.0,601.0,3
1700242768,1298.0,822.0,958.0,601.0,3
1700242768,1420.0,982.0,958.0,601.0,3
1700242768,1394.0,969.0,958.0,601.0,3
1700242768,1289.0,801.0,958.0,601.0,3
1700242768,1301.0,810.0,958.0,601.0,3
1700242768,1301.0,810.0,958.0,601.0,3
1700242768,1440.0,1159.0,958.0,601.0,3
1700242768,1437.0,1174.0,958.0,601.0,3
1700242768,1405.0,1113.0,958.0,601.0,3
1700242768,1356.0,1024.0,958.0,601.0,3
1700242768,1312.0,935.0,958.0,601.0,3
1700242768,1285.0,874.0,958.0,601.0,3
1700242768,1279.0,890.0,958.0,601.0,3
1700242768,1274.0,900.0,958.0,601.0,3
1700242768,1279.0,909.0,958.0,601.0,3
1700242768,1286.0,910.0,958.0,601.0,3
1700242768,1286.0,897.0,958.0,601.0,3
1700242768,1294.0,890.0,958.0,601.0,3
1700242768,1314.0,927.0,958.0,601.0,3
1700242768,1312.0,939.0,958.0,601.0,3
1700242768,1293.0,930.0,958.0,601.0,3
1700242768,1304.0,957.0,958.0,601.0,3
1700242768,1298.0,981.0,958.0,601.0,3
1700242768,1233.0,945.0,958.0,601.0,3
1700242768,1292.0,983.0,958.0,601.0,3
1700242768,1307.0,1010.0,958.0,601.0,3
1700242768,1330.0,1009.0,958.0,601.0,3
1700242768,1356.0,1030.0,958.0,601.0,3
1700242768,1353.0,1020.0,958.0,601.0,3
1700242768,1347.0,1020.0,958.0,601.0,3
1700242768,1342.0,1012.0,958.0,601.0,3
1700242768,1332.0,1010.0,958.0,601.0,3
1700242768,1327.0,978.0,958.0,601.0,3
1700242768,1344.0,966.0,958.0,601.0,3
1700242768,1292.0,935.0,958.0,601.0,3
1700242768,1256.0,935.0,958.0,601.0,3
1700242768,1301.0,972.0,958.0,601.0,3
1700242768,1295.0,947.0,958.0,601.0,3
1700242768,1285.0,916.0,958.0,601.0,3
1700242768,1237.0,804.0,958.0,601.0,3
1700242768,1248.0,816.0,958.0,601.0,3
1700242768,1236.0,808.0,958.0,601.0,3
1700242768,1398.0,1075.0,958.0,601.0,3
1700242768,1419.0,1107.0,958.0,601.0,3
1700242768,1256.0,840.0,958.0,601.0,3
1700242768,1317.0,985.0,958.0,601.0,3
1700242768,1238.0,826.0,958.0,601.0,3
1700242768,700.0,945.0,958.0,601.0,3
1700242768,685.0,929.0,958.0,601.0,3
1700242768,679.0,922.0,958.0,601.0,3
1700242768,624.0,963.0,958.0,601.0,3
1700242768,746.0,895.0,958.0,601.0,3
1700242768,768.0,874.0,958.0,601.0,3
1700242768,727.0,880.0,958.0,601.0,3
1700242768,3232.0,877.0,3287.0,639.0,3
1700242768,3232.0,877.0,3277.0,645.0,3
1700242768,3235.0,880.0,3271.0,647.0,3
1700242768,3248.0,899.0,3261.0,650.0,3
1700242768,3255.0,908.0,3237.0,650.0,3
1700242768,3262.0,911.0,3205.0,638.0,3
1700242768,3278.0,919.0,3156.0,616.0,3
1700242768,3289.0,928.0,3136.0,607.0,3
1700242768,3298.0,934.0,3136.0,607.0,3
1700242768,3303.0,938.0,3136.0,607.0,3
1700242768,3303.0,941.0,3136.0,607.0,3
1700242768,3318.0,956.0,3136.0,607.0,3
1700242768,3326.0,963.0,3136.0,607.0,3
1700242768,3314.0,952.0,3136.0,607.0,3
1700242768,3318.0,948.0,3136.0,607.0,3
1700242768,3321.0,947.0,3136.0,607.0,3
1700242768,3323.0,948.0,3136.0,607.0,3
1700242768,3322.0,948.0,3136.0,607.0,3
1700242768,3321.0,946.0,3136.0,607.0,3
1700242768,3322.0,945.0,3157.0,607.0,3
1700242768,3322.0,945.0,3202.0,607.0,3
1700242768,3325.0,943.0,3223.0,604.0,3
1700242768,3323.0,936.0,3228.0,602.0,3
1700242768,3323.0,933.0,3228.0,602.0,3
1700242768,3334.0,927.0,3228.0,602.0,3
1700242768,3346.0,925.0,3228.0,602.0,3
1700242768,3345.0,920.0,3228.0,602.0,3
1700242768,3349.0,921.0,3228.0,602.0,3
1700242768,3349.0,918.0,3228.0,602.0,3
1700242768,3344.0,911.0,3228.0,602.0,3
1700242768,3347.0,915.0,3228.0,602.0,3
1700242768,3347.0,918.0,3228.0,602.0,3
1700242768,3350.0,923.0,3228.0,602.0,3
1700242768,3359.0,940.0,3228.0,602.0,3
1700242768,3365.0,954.0,3228.0,602.0,3
1700242768,3365.0,961.0,3228.0,602.0,3
1700242768,3367.0,965.0,3228.0,602.0,3
1700242768,3357.0,960.0,3228.0,602.0,3
1700242768,3349.0,961.0,3228.0,602.0,3
1700242768,3348.0,965.0,3228.0,602.0,3
1700242768,3346.0,964.0,3228.0,602.0,3
1700242768,3347.0,966.0,3228.0,602.0,3
1700242768,3347.0,964.0,3228.0,602.0,3
1700242768,3336.0,958.0,3228.0,602.0,3
