1700240111,3285.0,1084.0,3765.0,811.0,3
1700240111,3331.0,1061.0,3765.0,811.0,3
1700240111,3378.0,1035.0,3765.0,811.0,3
1700240111,3415.0,1012.0,3765.0,811.0,3
1700240111,3434.0,1017.0,3765.0,811.0,3
1700240111,3444.0,1012.0,3765.0,811.0,3
1700240111,3450.0,1007.0,3765.0,811.0,3
1700240111,3454.0,1001.0,3765.0,811.0,3
1700240111,3470.0,1002.0,3765.0,811.0,3
1700240111,3475.0,995.0,3765.0,811.0,3
1700240111,3529.0,1021.0,3765.0,811.0,3
1700240111,3499.0,964.0,3765.0,811.0,3
1700240111,3502.0,963.0,3765.0,811.0,3
1700240111,3504.0,962.0,3765.0,811.0,3
1700240111,3507.0,961.0,3765.0,811.0,3
1700240111,3505.0,959.0,3765.0,811.0,3
1700240111,3504.0,956.0,3765.0,811.0,3
1700240111,3502.0,954.0,3765.0,811.0,3
1700240111,3501.0,953.0,3765.0,811.0,3
1700240111,3501.0,952.0,3765.0,811.0,3
1700240111,3500.0,951.0,3765.0,811.0,3
1700240111,3501.0,981.0,3765.0,811.0,3
1700240111,3500.0,979.0,3765.0,811.0,3
1700240111,3499.0,978.0,3765.0,811.0,3
1700240111,3485.0,962.0,3765.0,811.0,3
1700240111,3476.0,956.0,3765.0,811.0,3
1700240111,3420.0,921.0,3765.0,811.0,3
1700240111,3340.0,871.0,3765.0,811.0,3
1700240111,3282.0,827.0,3765.0,811.0,3
1700240111,3249.0,799.0,3765.0,811.0,3
1700240111,3233.0,789.0,3765.0,811.0,3
1700240111,3231.0,809.0,3765.0,811.0,3
1700240111,3223.0,808.0,3765.0,811.0,3
1700240111,3217.0,805.0,3765.0,811.0,3
1700240111,3214.0,803.0,3765.0,811.0,3
1700240111,3236.0,818.0,3765.0,811.0,3
1700240111,3293.0,855.0,3765.0,811.0,3
1700240111,3369.0,903.0,3765.0,811.0,3
1700240111,3425.0,942.0,3765.0,811.0,3
1700240111,3458.0,969.0,3765.0,811.0,3
1700240111,3481.0,981.0,3765.0,811.0,3
1700240111,3514.0,996.0,3765.0,811.0,3
1700240111,3549.0,1011.0,3765.0,811.0,3
1700240111,3583.0,1004.0,3765.0,811.0,3
1700240111,3590.0,1015.0,3765.0,811.0,3
1700240111,3586.0,1014.0,3765.0,811.0,3
1700240111,3601.0,1019.0,3782.0,838.0,3
1700240111,3605.0,1021.0,3783.0,859.0,3
1700240111,3608.0,1021.0,3783.0,866.0,3
1700240111,3597.0,1014.0,3781.0,873.0,3
1700240111,3591.0,1011.0,3764.0,897.0,3
1700240111,3576.0,1003.0,3755.0,908.0,3
1700240111,3560.0,992.0,3750.0,915.0,3
1700240111,3542.0,983.0,3734.0,928.0,3
1700240111,3528.0,972.0,3716.0,935.0,3
1700240111,3514.0,965.0,3699.0,939.0,3
1700240111,3504.0,961.0,3676.0,942.0,3
1700240111,3496.0,957.0,3669.0,943.0,3
1700240111,3505.0,975.0,3666.0,944.0,3
1700240111,3503.0,973.0,3662.0,950.0,3
1700240111,3501.0,971.0,3660.0,953.0,3
1700240111,3499.0,970.0,3659.0,954.0,3
1700240111,3475.0,911.0,3655.0,963.0,3
1700240111,3474.0,911.0,3655.0,963.0,3
1700240111,3472.0,913.0,3655.0,963.0,3
1700240111,3473.0,914.0,3655.0,963.0,3
1700240111,3473.0,915.0,3655.0,963.0,3
1700240111,3475.0,916.0,3655.0,963.0,3
1700240111,3477.0,919.0,3655.0,963.0,3
1700240111,3481.0,922.0,3655.0,963.0,3
1700240111,3485.0,924.0,3655.0,963.0,3
1700240111,3488.0,925.0,3655.0,963.0,3
1700240111,3490.0,926.0,3655.0,963.0,3
1700240111,3492.0,927.0,3655.0,963.0,3
1700240111,3495.0,929.0,3655.0,963.0,3
1700240111,3501.0,931.0,3655.0,963.0,3
1700240111,3505.0,935.0,3655.0,963.0,3
1700240111,3509.0,937.0,3655.0,963.0,3
1700240111,3511.0,938.0,3655.0,963.0,3
1700240111,3515.0,939.0,3655.0,963.0,3
1700240111,3517.0,939.0,3654.0,965.0,3
1700240111,3517.0,940.0,3654.0,967.0,3
1700240111,3497.0,941.0,3654.0,967.0,3
1700240111,3774.0,493.0,3663.0,975.0,3
1700240111,3717.0,468.0,3663.0,988.0,3
1700240111,3367.0,472.0,3657.0,986.0,3
1700240111,3102.0,472.0,3637.0,967.0,3
1700240111,2966.0,477.0,3596.0,936.0,3
1700240111,2909.0,481.0,3528.0,889.0,3
1700240111,2879.0,474.0,3346.0,795.0,3
1700240111,2831.0,458.0,3088.0,694.0,3
1700240111,3144.0,350.0,2859.0,614.0,3
1700240111,2685.0,308.0,2764.0,591.0,3
1700240111,2632.0,260.0,2769.0,586.0,3
1700240111,2701.0,222.0,2769.0,586.0,3
1700240111,2684.0,259.0,2769.0,586.0,3
1700240111,2521.0,268.0,2769.0,586.0,3
1700240111,2448.0,273.0,2769.0,586.0,3
1700240111,2396.0,288.0,2732.0,575.0,3
1700240111,2217.0,359.0,2633.0,536.0,3
1700240111,2300.0,329.0,2531.0,496.0,3
1700240111,2359.0,313.0,2466.0,476.0,3
1700240111,836.0,1921.0,2444.0,421.0,3
1700240111,648.0,2126.0,2444.0,421.0,3
1700240111,529.0,2256.0,2444.0,421.0,3
1700240111,542.0,2280.0,2444.0,421.0,3
1700240111,2393.0,907.0,1512.0,297.0,3
1700240111,2379.0,927.0,1521.0,295.0,3
1700240111,2385.0,947.0,1521.0,295.0,3
1700240111,2386.0,953.0,1521.0,295.0,3
1700240111,2383.0,953.0,1521.0,295.0,3
1700240111,2384.0,954.0,1521.0,295.0,3
1700240111,2384.0,968.0,1521.0,295.0,3
1700240111,3427.0,539.0,1506.0,816.0,3
1700240111,3220.0,518.0,1506.0,816.0,3
1700240111,2905.0,459.0,1508.0,817.0,3
1700240111,2821.0,384.0,1572.0,806.0,3
1700240111,2799.0,354.0,1728.0,752.0,3
1700240111,2800.0,332.0,1881.0,697.0,3
1700240111,2805.0,318.0,1988.0,625.0,3
1700240111,2915.0,294.0,2036.0,589.0,3
1700240111,3194.0,242.0,2058.0,564.0,3
1700240111,3201.0,237.0,2061.0,547.0,3
1700240111,3111.0,252.0,2061.0,530.0,3
1700240111,3031.0,269.0,2084.0,501.0,3
1700240111,3048.0,270.0,2107.0,477.0,3
1700240111,3159.0,254.0,2122.0,443.0,3
1700240111,3128.0,262.0,2123.0,430.0,3
1700240111,3024.0,280.0,2123.0,430.0,3
1700240111,2936.0,294.0,2123.0,430.0,3
1700240111,2877.0,303.0,2121.0,429.0,3
1700240111,2844.0,308.0,2101.0,435.0,3
1700240111,2827.0,310.0,2080.0,439.0,3
1700240111,2820.0,311.0,2064.0,442.0,3
1700240111,2818.0,311.0,2060.0,443.0,3
1700240111,2817.0,310.0,2060.0,443.0,3
1700240111,2819.0,310.0,2060.0,443.0,3
1700240111,2820.0,309.0,2060.0,443.0,3
1700240111,2822.0,308.0,2060.0,443.0,3
1700240111,2824.0,306.0,2060.0,443.0,3
1700240111,2825.0,305.0,2060.0,443.0,0
1700240111,2826.0,304.0,2060.0,443.0,0
1700240111,2827.0,304.0,2060.0,443.0,0
1700240111,2828.0,304.0,2059.0,444.0,3
1700240111,2830.0,304.0,2059.0,446.0,3
1700240111,2831.0,304.0,2059.0,448.0,3
1700240111,2832.0,304.0,2050.0,452.0,3
1700240111,2833.0,304.0,2050.0,452.0,3
1700240111,2834.0,305.0,2050.0,452.0,3
1700240111,2834.0,305.0,2050.0,452.0,3
1700240111,2835.0,305.0,2050.0,452.0,3
1700240111,2835.0,311.0,2056.0,455.0,3
1700240111,2836.0,385.0,2071.0,456.0,3
1700240111,2841.0,494.0,2103.0,485.0,3
1700240111,2840.0,566.0,2126.0,546.0,3
1700240111,2842.0,603.0,2138.0,596.0,3
1700240111,2843.0,625.0,2144.0,621.0,3
1700240111,2846.0,636.0,2144.0,626.0,3
1700240111,2846.0,641.0,2144.0,628.0,3
1700240111,2845.0,643.0,2144.0,633.0,3
1700240111,2843.0,645.0,2144.0,637.0,3
1700240111,2844.0,647.0,2144.0,637.0,3
1700240111,2844.0,648.0,2144.0,637.0,3
1700240111,2844.0,648.0,2144.0,637.0,3
1700240111,2844.0,647.0,2144.0,637.0,3
1700240111,2845.0,645.0,2144.0,637.0,3
1700240111,2845.0,643.0,2144.0,637.0,3
1700240111,2845.0,642.0,2144.0,637.0,3
1700240111,2845.0,642.0,2142.0,638.0,3
1700240111,2845.0,641.0,2137.0,638.0,3
1700240111,2845.0,641.0,2120.0,646.0,3
1700240111,2845.0,640.0,2094.0,673.0,3
1700240111,2845.0,640.0,2080.0,693.0,3
1700240111,2845.0,639.0,2075.0,703.0,3
1700240111,2846.0,638.0,2075.0,703.0,3
1700240111,2846.0,637.0,2075.0,703.0,3
1700240111,2847.0,636.0,2075.0,703.0,3
1700240111,2847.0,635.0,2075.0,704.0,3
1700240111,2847.0,635.0,2075.0,707.0,3
1700240111,2847.0,635.0,2075.0,707.0,3
1700240111,2845.0,634.0,2082.0,681.0,3
1700240111,2848.0,528.0,2091.0,602.0,3
1700240111,2840.0,321.0,2093.0,510.0,3
1700240111,2830.0,196.0,2083.0,455.0,3
1700240111,2827.0,135.0,2082.0,451.0,3
1700240111,2827.0,104.0,2082.0,451.0,3
1700240111,2826.0,90.0,2082.0,451.0,3
1700240111,2824.0,85.0,2082.0,449.0,3
1700240111,2823.0,83.0,2084.0,435.0,3
1700240111,2823.0,83.0,2087.0,402.0,3
1700240111,2822.0,84.0,2084.0,382.0,3
1700240111,2820.0,85.0,2079.0,367.0,3
1700240111,2818.0,96.0,2078.0,345.0,3
1700240111,2818.0,102.0,2075.0,327.0,3
1700240111,2817.0,104.0,2069.0,315.0,3
1700240111,2816.0,108.0,2055.0,291.0,3
1700240111,2816.0,111.0,2043.0,274.0,3
1700240111,2815.0,112.0,2041.0,273.0,3
1700240111,2814.0,114.0,2040.0,272.0,3
1700240111,2813.0,114.0,2035.0,265.0,3
1700240111,2812.0,112.0,2032.0,252.0,3
1700240111,2812.0,110.0,2031.0,240.0,3
1700240111,2811.0,108.0,2031.0,231.0,3
1700240111,2810.0,105.0,2031.0,228.0,3
1700240111,2809.0,101.0,2031.0,223.0,3
1700240111,2809.0,98.0,2031.0,222.0,3
1700240111,2808.0,94.0,2031.0,221.0,3
1700240111,2807.0,91.0,2031.0,221.0,3
1700240111,2806.0,88.0,2031.0,221.0,3
1700240111,2806.0,87.0,2031.0,218.0,3
1700240111,2805.0,85.0,2031.0,215.0,3
1700240111,2805.0,84.0,2031.0,213.0,3
1700240111,2805.0,83.0,2031.0,213.0,3
1700240111,2806.0,83.0,2031.0,213.0,3
1700240111,2806.0,82.0,2031.0,213.0,3
1700240111,2806.0,81.0,2027.0,213.0,3
1700240111,2805.0,78.0,2026.0,213.0,3
1700240111,2805.0,73.0,2025.0,211.0,3
1700240111,2804.0,69.0,2025.0,200.0,3
1700240111,2804.0,65.0,2025.0,190.0,3
1700240111,2804.0,62.0,2025.0,183.0,3
1700240111,2805.0,59.0,2024.0,182.0,3
1700240111,2805.0,57.0,2024.0,182.0,3
1700240111,2805.0,54.0,2024.0,182.0,3
1700240111,2779.0,54.0,2024.0,182.0,3
1700240111,2415.0,112.0,2024.0,182.0,3
1700240111,2180.0,154.0,2024.0,182.0,3
1700240111,2354.0,165.0,2024.0,182.0,3
1700240111,2480.0,111.0,2024.0,181.0,3
1700240111,2372.0,177.0,2024.0,181.0,3
1700240111,2302.0,191.0,2024.0,181.0,3
1700240111,2266.0,203.0,2027.0,187.0,3
1700240111,2233.0,214.0,2035.0,207.0,3
1700240111,2206.0,229.0,2050.0,244.0,3
1700240111,2207.0,239.0,2069.0,292.0,3
1700240111,2200.0,286.0,2084.0,330.0,3
1700240111,2171.0,357.0,2097.0,367.0,3
1700240111,2141.0,411.0,2102.0,401.0,3
1700240111,2125.0,442.0,2102.0,439.0,3
1700240111,2114.0,461.0,2094.0,463.0,3
1700240111,2105.0,472.0,2089.0,477.0,3
1700240111,2123.0,474.0,2085.0,480.0,3
1700240111,2141.0,486.0,2075.0,493.0,3
1700240111,2118.0,513.0,2068.0,509.0,3
1700240111,2123.0,533.0,2066.0,531.0,3
1700240111,2147.0,541.0,2065.0,548.0,3
1700240111,2133.0,551.0,2063.0,559.0,3
1700240111,2140.0,556.0,2063.0,559.0,3
1700240111,2159.0,559.0,2063.0,559.0,3
1700240111,2160.0,564.0,2063.0,559.0,3
1700240111,2172.0,567.0,2062.0,560.0,3
1700240111,2158.0,572.0,2062.0,560.0,3
1700240111,2157.0,575.0,2060.0,560.0,3
1700240111,2177.0,575.0,2053.0,550.0,3
1700240111,2202.0,568.0,2042.0,532.0,3
1700240111,2225.0,561.0,2040.0,530.0,3
1700240111,2248.0,558.0,2040.0,530.0,3
1700240111,2264.0,558.0,2040.0,530.0,3
1700240111,2276.0,559.0,2040.0,530.0,3
1700240111,2282.0,560.0,2040.0,530.0,3
1700240111,2275.0,563.0,2040.0,530.0,3
1700240111,2432.0,548.0,2042.0,528.0,3
1700240111,2389.0,560.0,2044.0,533.0,3
1700240111,2292.0,584.0,2044.0,533.0,3
1700240111,2216.0,601.0,2044.0,533.0,3
1700240111,2169.0,607.0,2044.0,533.0,3
1700240111,2149.0,612.0,2044.0,533.0,3
1700240111,2138.0,615.0,2053.0,536.0,3
1700240111,2129.0,611.0,2056.0,542.0,3
1700240111,2140.0,608.0,2045.0,564.0,3
1700240111,2243.0,595.0,2031.0,622.0,3
1700240111,2281.0,599.0,2036.0,668.0,3
1700240111,2264.0,602.0,2066.0,719.0,3
1700240111,2801.0,497.0,2112.0,737.0,3
1700240111,3043.0,443.0,2124.0,716.0,3
1700240111,3164.0,420.0,2118.0,701.0,3
1700240111,3144.0,430.0,2116.0,701.0,3
1700240111,3005.0,457.0,2116.0,701.0,3
1700240111,3045.0,449.0,2081.0,712.0,3
1700240111,3073.0,442.0,2107.0,715.0,3
1700240111,3014.0,452.0,2173.0,715.0,3
1700240111,2996.0,454.0,2446.0,670.0,3
1700240111,2953.0,459.0,2582.0,626.0,3
1700240111,2904.0,465.0,2693.0,581.0,3
1700240111,2855.0,484.0,2736.0,574.0,3
1700240111,2780.0,558.0,2740.0,578.0,3
1700240111,2720.0,623.0,2718.0,606.0,3
1700240111,2678.0,661.0,2700.0,648.0,3
1700240111,2651.0,684.0,2711.0,657.0,3
1700240111,3041.0,617.0,2783.0,620.0,3
1700240111,3258.0,561.0,2783.0,620.0,3
1700240111,2864.0,657.0,2783.0,620.0,3
1700240111,2797.0,665.0,2783.0,620.0,3
1700240111,2763.0,666.0,2783.0,620.0,3
1700240111,2744.0,663.0,2783.0,622.0,3
1700240111,2735.0,661.0,2783.0,622.0,3
1700240111,2731.0,658.0,2783.0,623.0,3
1700240111,2729.0,654.0,2783.0,624.0,3
1700240111,2726.0,653.0,2771.0,640.0,3
1700240111,2725.0,655.0,2721.0,686.0,3
1700240111,2657.0,672.0,2624.0,727.0,3
1700240111,2622.0,705.0,2425.0,797.0,3
1700240111,2339.0,866.0,2236.0,853.0,3
1700240111,2063.0,998.0,2096.0,894.0,3
1700240111,2040.0,994.0,1955.0,934.0,3
1700240111,1893.0,1041.0,1899.0,950.0,3
1700240111,1840.0,1080.0,1907.0,941.0,3
1700240111,1925.0,1066.0,1907.0,941.0,3
1700240111,1933.0,1082.0,1907.0,941.0,3
1700240111,1960.0,1061.0,1907.0,941.0,3
1700240111,1918.0,1072.0,1914.0,944.0,3
1700240111,1913.0,1082.0,1859.0,958.0,3
1700240111,2014.0,1064.0,1745.0,999.0,3
1700240111,2017.0,1065.0,1745.0,999.0,3
1700240111,2139.0,1045.0,1745.0,1007.0,3
1700240111,1959.0,1077.0,1745.0,1011.0,3
1700240111,1923.0,1066.0,1743.0,1017.0,3
1700240111,1859.0,1078.0,1741.0,1022.0,3
1700240111,1825.0,1075.0,1740.0,1024.0,3
1700240111,1791.0,1083.0,1730.0,1029.0,3
1700240111,1757.0,1090.0,1709.0,1039.0,3
1700240111,1729.0,1101.0,1689.0,1043.0,3
1700240111,1699.0,1111.0,1661.0,1050.0,3
1700240111,1639.0,1139.0,1659.0,1051.0,3
1700240111,1633.0,1144.0,1659.0,1051.0,3
1700240111,1636.0,1034.0,1639.0,1045.0,3
1700240111,1631.0,1029.0,1619.0,1037.0,3
1700240111,1625.0,1025.0,1610.0,1033.0,3
1700240111,1625.0,1021.0,1610.0,1031.0,3
1700240111,1628.0,1021.0,1610.0,1030.0,3
1700240111,1632.0,1020.0,1612.0,1026.0,3
1700240111,1634.0,1019.0,1613.0,1025.0,3
1700240111,1636.0,1018.0,1623.0,1025.0,3
1700240111,1637.0,1017.0,1636.0,1025.0,3
1700240111,1637.0,1017.0,1645.0,1025.0,3
1700240111,1637.0,1017.0,1645.0,1025.0,3
1700240111,1637.0,1017.0,1646.0,1025.0,3
1700240111,1637.0,1018.0,1646.0,1025.0,3
1700240111,1637.0,1018.0,1646.0,1025.0,3
1700240111,1637.0,1018.0,1647.0,1025.0,3
1700240111,1637.0,1018.0,1648.0,1024.0,3
1700240111,1637.0,1018.0,1648.0,1024.0,3
1700240111,1637.0,1019.0,1648.0,1024.0,3
1700240111,1638.0,1019.0,1648.0,1024.0,3
1700240111,1638.0,1020.0,1648.0,1024.0,3
1700240111,1639.0,1013.0,1648.0,1024.0,3
1700240111,1640.0,945.0,1648.0,1024.0,3
1700240111,1635.0,854.0,1652.0,1006.0,3
1700240111,1633.0,792.0,1671.0,971.0,3
1700240111,1636.0,757.0,1689.0,939.0,3
1700240111,1639.0,738.0,1705.0,905.0,3
1700240111,1639.0,731.0,1708.0,883.0,3
1700240111,1638.0,729.0,1708.0,871.0,3
1700240111,1638.0,726.0,1706.0,858.0,3
1700240111,1651.0,732.0,1711.0,849.0,3
1700240111,1662.0,740.0,1719.0,837.0,3
1700240111,1671.0,745.0,1726.0,826.0,3
1700240111,1678.0,749.0,1729.0,820.0,3
1700240111,1684.0,753.0,1733.0,810.0,3
1700240111,1688.0,756.0,1733.0,802.0,3
1700240111,1692.0,760.0,1733.0,800.0,3
1700240111,1697.0,763.0,1733.0,796.0,3
1700240111,1700.0,762.0,1733.0,791.0,3
1700240111,1703.0,761.0,1733.0,790.0,3
1700240111,1706.0,760.0,1733.0,788.0,3
1700240111,1708.0,760.0,1733.0,788.0,3
1700240111,1711.0,760.0,1733.0,788.0,3
1700240111,1714.0,759.0,1733.0,787.0,3
1700240111,1717.0,759.0,1733.0,787.0,3
1700240111,1719.0,758.0,1733.0,787.0,0
1700240111,1721.0,759.0,1733.0,787.0,0
1700240111,1723.0,759.0,1733.0,787.0,3
1700240111,1724.0,759.0,1733.0,787.0,3
1700240111,1725.0,759.0,1733.0,787.0,3
1700240111,1727.0,759.0,1733.0,787.0,3
1700240111,1728.0,759.0,1733.0,787.0,3
1700240111,1729.0,759.0,1733.0,787.0,3
1700240111,1730.0,759.0,1733.0,787.0,3
1700240111,2354.0,589.0,2438.0,599.0,3
1700240111,2459.0,524.0,2461.0,594.0,3
1700240111,2485.0,484.0,2461.0,594.0,3
1700240111,3070.0,351.0,2447.0,614.0,3
1700240111,2820.0,391.0,2414.0,668.0,3
1700240111,3105.0,421.0,2354.0,755.0,3
1700240111,2803.0,487.0,2241.0,835.0,3
1700240111,2295.0,729.0,2108.0,909.0,3
1700240111,2300.0,873.0,1976.0,963.0,3
1700240111,2278.0,927.0,1864.0,995.0,3
1700240111,1992.0,1006.0,1819.0,1004.0,3
1700240111,1860.0,1039.0,1782.0,1004.0,3
1700240111,2019.0,1003.0,1756.0,996.0,3
1700240111,2079.0,997.0,1750.0,994.0,3
1700240111,2172.0,976.0,1735.0,994.0,3
1700240111,2259.0,968.0,1704.0,998.0,3
1700240111,2298.0,970.0,1665.0,998.0,3
1700240111,2769.0,858.0,1661.0,997.0,3
1700240111,2178.0,986.0,1660.0,996.0,3
1700240111,2200.0,969.0,1660.0,996.0,3
1700240111,2891.0,832.0,1663.0,999.0,3
1700240111,2259.0,945.0,1667.0,1002.0,3
1700240111,2289.0,937.0,1667.0,1007.0,3
1700240111,3059.0,794.0,1668.0,1010.0,3
1700240111,2327.0,916.0,1670.0,1010.0,3
1700240111,3123.0,785.0,1673.0,1010.0,3
1700240111,3127.0,791.0,1677.0,1010.0,3
1700240111,2407.0,904.0,1678.0,1010.0,3
1700240111,2809.0,843.0,1680.0,1010.0,3
1700240111,3021.0,781.0,1681.0,1011.0,3
1700240111,3097.0,784.0,1677.0,1015.0,3
1700240111,3118.0,784.0,1670.0,1018.0,3
1700240111,3131.0,793.0,1664.0,1019.0,3
1700240111,3136.0,798.0,1660.0,1019.0,3
1700240111,3132.0,794.0,1660.0,1019.0,3
1700240111,3133.0,811.0,1660.0,1019.0,3
1700240111,3139.0,821.0,1660.0,1019.0,3
1700240111,2818.0,468.0,2356.0,459.0,3
1700240111,2788.0,438.0,2356.0,459.0,3
1700240111,2753.0,408.0,2356.0,459.0,3
1700240111,2725.0,386.0,2356.0,459.0,3
1700240111,2663.0,392.0,2814.0,468.0,3
1700240111,2662.0,392.0,2811.0,468.0,3
1700240111,3201.0,431.0,2806.0,348.0,3
1700240111,2951.0,393.0,2780.0,399.0,0
1700240111,2910.0,391.0,2780.0,399.0,0
1700240111,2867.0,392.0,2780.0,399.0,3
1700240111,2834.0,394.0,2780.0,399.0,3
1700240111,2786.0,392.0,2780.0,399.0,3
1700240111,2740.0,390.0,2749.0,404.0,3
1700240111,2709.0,385.0,2700.0,404.0,3
1700240111,2689.0,381.0,2679.0,404.0,3
1700240111,2679.0,379.0,2675.0,406.0,3
1700240111,2674.0,376.0,2675.0,406.0,3
1700240111,2671.0,375.0,2675.0,406.0,3
1700240111,2668.0,369.0,2675.0,406.0,3
1700240111,2664.0,362.0,2675.0,406.0,3
1700240111,2662.0,355.0,2675.0,406.0,3
1700240111,2657.0,349.0,2675.0,406.0,3
1700240111,2656.0,349.0,2675.0,406.0,3
1700240111,2655.0,349.0,2658.0,409.0,3
1700240111,2643.0,372.0,2528.0,429.0,3
1700240111,2602.0,345.0,2291.0,465.0,3
1700240111,2403.0,393.0,2026.0,512.0,3
1700240111,2956.0,559.0,1016.0,855.0,3
1700240111,2938.0,575.0,1027.0,851.0,3
1700240111,2879.0,614.0,1043.0,847.0,3
1700240111,2829.0,645.0,1046.0,847.0,3
1700240111,2804.0,675.0,1046.0,847.0,3
1700240111,2766.0,675.0,1046.0,847.0,3
1700240111,985.0,837.0,1018.0,855.0,0
1700240111,988.0,838.0,1018.0,855.0,0
1700240111,992.0,841.0,1018.0,855.0,3
1700240111,997.0,844.0,1018.0,855.0,3
1700240111,1001.0,848.0,1018.0,853.0,3
1700240111,1006.0,851.0,1016.0,851.0,3
1700240111,1010.0,852.0,1020.0,851.0,3
1700240111,1011.0,852.0,1026.0,851.0,3
1700240111,1012.0,853.0,1045.0,847.0,3
1700240111,1007.0,853.0,1082.0,817.0,3
1700240111,996.0,870.0,1167.0,704.0,3
1700240111,868.0,852.0,1248.0,599.0,3
1700240111,746.0,848.0,1324.0,475.0,3
1700240111,658.0,847.0,1324.0,468.0,3
1700240111,648.0,841.0,1324.0,468.0,3
1700240111,623.0,843.0,1324.0,468.0,3
1700240111,599.0,852.0,1324.0,468.0,3
1700240111,580.0,859.0,1324.0,468.0,3
1700240111,1011.0,857.0,1016.0,849.0,3
1700240111,1012.0,857.0,1016.0,849.0,3
1700240111,1012.0,857.0,1016.0,849.0,3
1700240111,1012.0,856.0,1015.0,854.0,3
1700240111,1011.0,856.0,1029.0,856.0,3
1700240111,1012.0,854.0,1112.0,739.0,3
1700240111,1058.0,770.0,1227.0,542.0,3
1700240111,1184.0,529.0,1321.0,381.0,3
1700240111,1284.0,350.0,1358.0,326.0,3
1700240111,1332.0,262.0,1359.0,324.0,3
1700240111,1348.0,231.0,1359.0,324.0,3
1700240111,1356.0,221.0,1359.0,324.0,3
1700240111,1361.0,214.0,1359.0,324.0,3
1700240111,1363.0,206.0,1359.0,324.0,3
1700240111,1365.0,201.0,1384.0,296.0,3
1700240111,1377.0,199.0,1414.0,260.0,3
1700240111,1390.0,194.0,1441.0,226.0,3
1700240111,1402.0,185.0,1467.0,202.0,3
1700240111,1408.0,178.0,1469.0,191.0,3
1700240111,1412.0,178.0,1469.0,186.0,3
1700240111,1416.0,180.0,1472.0,179.0,3
1700240111,1417.0,180.0,1472.0,176.0,3
1700240111,1418.0,181.0,1471.0,173.0,3
1700240111,1420.0,182.0,1466.0,170.0,3
1700240111,1421.0,182.0,1459.0,170.0,3
1700240111,1421.0,182.0,1450.0,170.0,3
1700240111,1422.0,182.0,1445.0,173.0,3
1700240111,1422.0,181.0,1445.0,173.0,3
1700240111,1422.0,181.0,1445.0,173.0,3
1700240111,1423.0,181.0,1445.0,173.0,3
1700240111,1423.0,181.0,1445.0,173.0,3
1700240111,1423.0,180.0,1445.0,173.0,3
1700240111,1423.0,180.0,1445.0,173.0,0
1700240111,1424.0,180.0,1445.0,173.0,0
1700240111,1424.0,180.0,1445.0,173.0,3
1700240111,1424.0,180.0,1445.0,173.0,3
1700240111,1424.0,179.0,1445.0,173.0,3
1700240111,1424.0,180.0,1445.0,173.0,3
1700240111,1424.0,180.0,1445.0,173.0,3
1700240111,1424.0,180.0,1445.0,174.0,3
1700240111,1424.0,181.0,1445.0,174.0,3
1700240111,1424.0,181.0,1444.0,176.0,3
1700240111,1423.0,181.0,1436.0,189.0,3
1700240111,1424.0,182.0,1429.0,237.0,3
1700240111,1471.0,235.0,1423.0,343.0,3
1700240111,1727.0,469.0,1431.0,432.0,3
1700240111,914.0,1047.0,1159.0,1010.0,3
1700240111,901.0,1053.0,1159.0,1010.0,3
1700240111,890.0,1066.0,1130.0,1009.0,3
1700240111,879.0,1080.0,1046.0,1028.0,3
1700240111,859.0,1088.0,945.0,1063.0,3
1700240111,816.0,1097.0,914.0,1056.0,3
1700240111,801.0,1097.0,888.0,1039.0,3
1700240111,762.0,1097.0,841.0,1022.0,3
1700240111,747.0,1103.0,805.0,1021.0,3
1700240111,732.0,1109.0,782.0,1024.0,3
1700240111,727.0,1103.0,767.0,1035.0,3
1700240111,730.0,1102.0,758.0,1047.0,3
1700240111,770.0,1101.0,758.0,1052.0,3
1700240111,777.0,1094.0,758.0,1057.0,3
1700240111,810.0,1087.0,759.0,1059.0,3
1700240111,835.0,1083.0,761.0,1059.0,3
1700240111,988.0,1037.0,761.0,1059.0,3
1700240111,1015.0,1033.0,765.0,1060.0,3
1700240111,874.0,1080.0,765.0,1060.0,3
1700240111,865.0,1082.0,765.0,1060.0,3
1700240111,853.0,1074.0,766.0,1061.0,3
1700240111,888.0,930.0,766.0,1061.0,0
1700240111,988.0,624.0,766.0,1062.0,3
1700240111,1062.0,441.0,760.0,1060.0,3
1700240111,1090.0,370.0,760.0,1060.0,3
1700240111,1095.0,343.0,760.0,1060.0,3
1700240111,1127.0,321.0,760.0,1060.0,3
1700240111,1161.0,306.0,760.0,1060.0,3
1700240111,1144.0,305.0,767.0,1050.0,3
1700240111,1137.0,305.0,813.0,971.0,3
1700240111,1137.0,302.0,919.0,785.0,3
1700240111,1138.0,298.0,1078.0,571.0,3
1700240111,1138.0,295.0,1182.0,450.0,3
1700240111,1136.0,293.0,1201.0,421.0,3
1700240111,1127.0,289.0,1194.0,416.0,3
1700240111,1091.0,268.0,1194.0,416.0,3
1700240111,833.0,231.0,1194.0,416.0,3
1700240111,570.0,205.0,1194.0,416.0,3
1700240111,429.0,188.0,1177.0,391.0,3
1700240111,361.0,188.0,1028.0,351.0,3
1700240111,406.0,167.0,746.0,324.0,3
1700240111,486.0,135.0,489.0,322.0,3
1700240111,645.0,84.0,340.0,329.0,3
1700240111,590.0,139.0,229.0,344.0,3
1700240111,490.0,145.0,183.0,344.0,3
1700240111,377.0,159.0,145.0,348.0,3
1700240111,276.0,176.0,113.0,352.0,3
1700240111,208.0,188.0,84.0,360.0,3
1700240111,158.0,217.0,69.0,368.0,3
1700240111,123.0,279.0,61.0,377.0,3
1700240111,111.0,358.0,58.0,408.0,3
1700240111,98.0,403.0,58.0,448.0,3
1700240111,92.0,428.0,50.0,494.0,3
1700240111,92.0,441.0,43.0,519.0,3
1700240111,86.0,448.0,38.0,529.0,3
1700240111,78.0,450.0,38.0,531.0,3
1700240111,68.0,446.0,35.0,539.0,3
1700240111,63.0,445.0,35.0,559.0,3
1700240111,54.0,549.0,38.0,593.0,3
1700240111,60.0,709.0,38.0,637.0,3
1700240111,68.0,810.0,38.0,708.0,3
1700240111,68.0,855.0,31.0,759.0,3
1700240111,69.0,874.0,23.0,812.0,3
1700240111,68.0,885.0,23.0,843.0,3
1700240111,68.0,889.0,23.0,863.0,3
1700240111,71.0,893.0,25.0,878.0,3
1700240111,71.0,895.0,30.0,888.0,3
1700240111,64.0,913.0,37.0,904.0,3
1700240111,61.0,931.0,44.0,919.0,3
1700240111,60.0,943.0,47.0,926.0,3
1700240111,59.0,952.0,47.0,933.0,3
1700240111,61.0,961.0,47.0,938.0,3
1700240111,61.0,965.0,47.0,938.0,3
1700240111,57.0,969.0,47.0,938.0,3
1700240111,56.0,972.0,47.0,938.0,3
1700240111,57.0,975.0,47.0,938.0,3
1700240111,56.0,977.0,47.0,938.0,3
1700240111,57.0,978.0,47.0,938.0,3
1700240111,55.0,979.0,47.0,938.0,0
1700240111,53.0,978.0,47.0,938.0,0
1700240111,52.0,979.0,47.0,938.0,0
1700240111,53.0,979.0,47.0,938.0,3
1700240111,82.0,969.0,56.0,936.0,3
1700240111,155.0,943.0,96.0,927.0,3
1700240111,152.0,943.0,137.0,914.0,3
1700240111,131.0,948.0,217.0,837.0,3
1700240111,123.0,950.0,412.0,662.0,3
1700240111,120.0,950.0,627.0,510.0,3
1700240111,126.0,948.0,918.0,350.0,3
1700240111,131.0,946.0,1143.0,300.0,3
1700240111,133.0,943.0,1231.0,315.0,3
1700240111,357.0,800.0,1236.0,314.0,3
1700240111,656.0,511.0,1236.0,314.0,3
1700240111,1079.0,239.0,1236.0,314.0,3
1700240111,1330.0,133.0,1243.0,312.0,3
1700240111,1421.0,96.0,1333.0,281.0,3
1700240111,1452.0,79.0,1498.0,176.0,3
1700240111,1468.0,76.0,1607.0,101.0,3
1700240111,1473.0,76.0,1670.0,65.0,3
1700240111,1482.0,78.0,1698.0,52.0,3
1700240111,1573.0,72.0,1710.0,42.0,3
1700240111,1660.0,68.0,1727.0,32.0,3
1700240111,1710.0,62.0,1746.0,25.0,3
1700240111,1735.0,56.0,1748.0,24.0,3
1700240111,1747.0,55.0,1748.0,24.0,3
1700240111,1754.0,57.0,1748.0,24.0,3
1700240111,1755.0,54.0,1753.0,22.0,3
1700240111,1758.0,53.0,1763.0,21.0,3
1700240111,1760.0,53.0,1772.0,20.0,3
1700240111,1760.0,51.0,1786.0,17.0,3
1700240111,1761.0,52.0,1797.0,16.0,3
1700240111,1763.0,51.0,1801.0,15.0,3
1700240111,1764.0,50.0,1801.0,15.0,3
1700240111,1765.0,49.0,1801.0,15.0,3
1700240111,1762.0,64.0,1801.0,15.0,3
1700240111,1755.0,96.0,1801.0,15.0,3
1700240111,1758.0,93.0,1791.0,36.0,3
1700240111,1753.0,104.0,1776.0,113.0,3
1700240111,1730.0,147.0,1779.0,199.0,3
1700240111,2196.0,668.0,2068.0,908.0,3
1700240111,2187.0,662.0,2076.0,876.0,3
1700240111,2174.0,651.0,2096.0,812.0,3
1700240111,2154.0,635.0,2117.0,761.0,3
1700240111,2137.0,621.0,2133.0,722.0,3
1700240111,2516.0,500.0,2137.0,713.0,3
1700240111,2434.0,521.0,2137.0,713.0,3
1700240111,2277.0,557.0,2137.0,713.0,3
1700240111,2183.0,578.0,2137.0,713.0,3
1700240111,2138.0,593.0,2137.0,713.0,3
1700240111,2112.0,599.0,2137.0,713.0,3
1700240111,2095.0,598.0,2137.0,713.0,3
1700240111,2081.0,595.0,2137.0,713.0,3
1700240111,2071.0,594.0,2137.0,713.0,3
1700240111,2065.0,591.0,2137.0,713.0,3
1700240111,2061.0,587.0,2137.0,713.0,3
1700240111,2059.0,584.0,2137.0,713.0,3
1700240111,2054.0,581.0,2137.0,713.0,3
1700240111,2050.0,579.0,2137.0,713.0,3
1700240111,2047.0,576.0,2137.0,713.0,3
1700240111,2044.0,574.0,2137.0,713.0,3
1700240111,2045.0,601.0,2124.0,711.0,3
1700240111,2046.0,662.0,2111.0,711.0,3
1700240111,2049.0,716.0,2089.0,739.0,3
1700240112,2049.0,753.0,2074.0,794.0,3
1700240112,2049.0,779.0,2073.0,852.0,3
1700240112,2054.0,791.0,2076.0,899.0,3
1700240112,2053.0,797.0,2077.0,911.0,3
1700240112,2051.0,800.0,2078.0,906.0,3
1700240112,2049.0,805.0,2059.0,862.0,3
1700240112,2055.0,806.0,2045.0,832.0,3
1700240112,2167.0,858.0,2040.0,812.0,3
1700240112,2358.0,951.0,2031.0,791.0,3
1700240112,2486.0,1010.0,2013.0,776.0,3
1700240112,2544.0,1036.0,2077.0,803.0,3
1700240112,2576.0,1047.0,2213.0,844.0,3
1700240112,2593.0,1052.0,2421.0,887.0,3
1700240112,2604.0,1055.0,2566.0,908.0,3
1700240112,2607.0,1058.0,2616.0,914.0,3
1700240112,2608.0,1062.0,2617.0,915.0,3
1700240112,2623.0,1062.0,2610.0,928.0,3
1700240112,2634.0,1062.0,2605.0,946.0,3
1700240112,2641.0,1061.0,2600.0,962.0,3
1700240112,2648.0,1061.0,2600.0,972.0,3
1700240112,2650.0,1060.0,2619.0,984.0,3
1700240112,2655.0,1060.0,2657.0,992.0,3
1700240112,2670.0,1058.0,2712.0,993.0,3
1700240112,2671.0,1045.0,2782.0,999.0,3
1700240112,2681.0,1038.0,2840.0,1008.0,3
1700240112,2683.0,1031.0,2858.0,1010.0,3
1700240112,2707.0,1034.0,2861.0,1016.0,3
1700240112,2733.0,1039.0,2858.0,1041.0,3
1700240112,2746.0,1041.0,2850.0,1061.0,3
1700240112,2764.0,1037.0,2846.0,1068.0,3
1700240112,2775.0,1036.0,2846.0,1068.0,3
1700240112,2783.0,1037.0,2845.0,1069.0,3
1700240112,2785.0,1034.0,2845.0,1069.0,3
1700240112,2791.0,1034.0,2848.0,1069.0,3
1700240112,2792.0,1022.0,2853.0,1066.0,3
1700240112,2796.0,1024.0,2860.0,1065.0,3
1700240112,2803.0,1026.0,2866.0,1065.0,3
1700240112,2815.0,1036.0,2870.0,1065.0,3
1700240112,2821.0,1040.0,2871.0,1065.0,3
1700240112,2856.0,1077.0,2871.0,1065.0,3
1700240112,2970.0,264.0,2079.0,178.0,3
1700240112,2816.0,239.0,2079.0,178.0,3
1700240112,2600.0,214.0,2079.0,178.0,3
1700240112,2424.0,211.0,2079.0,178.0,3
1700240112,2281.0,226.0,2079.0,178.0,3
1700240112,2207.0,234.0,2079.0,178.0,3
1700240112,2171.0,236.0,2079.0,178.0,3
1700240112,2150.0,234.0,2079.0,178.0,3
1700240112,2141.0,233.0,2079.0,178.0,3
1700240112,2135.0,232.0,2079.0,178.0,3
1700240112,2127.0,231.0,2079.0,178.0,3
1700240112,2123.0,230.0,2079.0,178.0,3
1700240112,2120.0,228.0,2079.0,178.0,3
1700240112,2119.0,226.0,2079.0,178.0,3
1700240112,2118.0,223.0,2079.0,178.0,3
1700240112,2117.0,220.0,2079.0,178.0,3
1700240112,2122.0,217.0,2079.0,178.0,3
1700240112,2147.0,214.0,2079.0,178.0,3
1700240112,2180.0,211.0,2079.0,178.0,3
1700240112,2389.0,209.0,2079.0,178.0,3
1700240112,2584.0,310.0,2079.0,178.0,3
1700240112,2647.0,504.0,2079.0,178.0,3
1700240112,2805.0,626.0,2079.0,178.0,3
1700240112,2899.0,687.0,2079.0,178.0,3
1700240112,2888.0,719.0,2079.0,178.0,3
1700240112,2888.0,739.0,2079.0,178.0,3
1700240112,2899.0,743.0,2079.0,178.0,3
1700240112,2900.0,749.0,2079.0,178.0,3
1700240112,2902.0,748.0,2079.0,178.0,3
1700240112,2885.0,695.0,2079.0,178.0,3
1700240112,2809.0,598.0,2079.0,178.0,3
1700240112,2561.0,493.0,2079.0,178.0,3
1700240112,2382.0,418.0,2079.0,178.0,3
1700240112,2291.0,377.0,2079.0,178.0,3
1700240112,2248.0,352.0,2079.0,178.0,3
1700240112,2234.0,338.0,2079.0,178.0,3
1700240112,2219.0,325.0,2079.0,178.0,3
1700240112,2199.0,315.0,2079.0,178.0,3
1700240112,2183.0,308.0,2079.0,178.0,3
1700240112,2174.0,303.0,2079.0,178.0,3
1700240112,2169.0,298.0,2079.0,178.0,3
1700240112,2163.0,294.0,2079.0,178.0,0
1700240112,2159.0,292.0,2079.0,178.0,0
1700240112,2157.0,289.0,2079.0,178.0,0
1700240112,2156.0,282.0,2079.0,178.0,0
1700240112,2152.0,279.0,2079.0,178.0,0
1700240112,2149.0,278.0,2079.0,178.0,3
1700240112,2146.0,277.0,2079.0,178.0,3
1700240112,2144.0,276.0,2079.0,178.0,3
1700240112,2143.0,273.0,2079.0,178.0,3
1700240112,2140.0,271.0,2079.0,178.0,3
1700240112,2137.0,268.0,2079.0,178.0,3
1700240112,2135.0,267.0,2079.0,178.0,3
1700240113,2133.0,265.0,2088.0,174.0,3
1700240113,2131.0,263.0,2089.0,174.0,3
1700240113,2136.0,260.0,2089.0,174.0,3
1700240113,2166.0,254.0,2089.0,174.0,3
1700240113,2225.0,245.0,2089.0,174.0,3
1700240113,2585.0,192.0,2089.0,172.0,3
1700240113,2831.0,181.0,2106.0,170.0,3
1700240113,3099.0,178.0,2254.0,179.0,3
1700240113,3189.0,182.0,2649.0,179.0,3
1700240113,3229.0,177.0,3028.0,180.0,3
1700240113,3237.0,234.0,3276.0,164.0,3
1700240114,3471.0,222.0,3548.0,218.0,3
1700240115,3475.0,222.0,3552.0,218.0,3
1700240115,3478.0,222.0,3552.0,218.0,3
1700240115,3481.0,222.0,3553.0,217.0,3
1700240115,3485.0,222.0,3553.0,217.0,3
1700240115,3488.0,222.0,3553.0,217.0,3
1700240115,3490.0,222.0,3554.0,216.0,3
1700240115,3493.0,222.0,3554.0,216.0,3
1700240115,3495.0,222.0,3554.0,216.0,3
1700240115,3498.0,222.0,3559.0,212.0,3
1700240115,3500.0,221.0,3561.0,210.0,3
1700240115,3501.0,220.0,3561.0,210.0,3
1700240115,3503.0,220.0,3561.0,210.0,0
1700240115,3504.0,220.0,3561.0,210.0,0
1700240115,3502.0,221.0,3561.0,210.0,0
1700240115,3501.0,221.0,3561.0,210.0,3
1700240115,3500.0,221.0,3561.0,210.0,3
1700240115,3499.0,221.0,3566.0,209.0,3
1700240115,3498.0,221.0,3576.0,198.0,3
1700240115,3498.0,222.0,3582.0,185.0,3
1700240115,3497.0,222.0,3596.0,166.0,3
1700240115,3496.0,221.0,3610.0,155.0,3
1700240115,3496.0,221.0,3613.0,152.0,3
1700240115,3495.0,222.0,3613.0,152.0,3
1700240115,3493.0,222.0,3614.0,151.0,3
1700240115,3495.0,221.0,3616.0,151.0,3
1700240115,3499.0,220.0,3622.0,151.0,3
1700240115,3504.0,218.0,3631.0,151.0,3
1700240115,3510.0,215.0,3637.0,151.0,3
1700240115,3518.0,211.0,3645.0,151.0,3
1700240115,3524.0,208.0,3649.0,150.0,3
1700240115,3530.0,206.0,3649.0,150.0,0
1700240115,3536.0,205.0,3649.0,150.0,0
1700240115,3544.0,202.0,3649.0,150.0,0
1700240116,3552.0,200.0,3649.0,150.0,0
1700240116,3560.0,198.0,3649.0,150.0,3
1700240116,3566.0,196.0,3649.0,150.0,3
1700240116,3571.0,195.0,3650.0,150.0,3
1700240116,3574.0,195.0,3652.0,154.0,3
1700240116,3577.0,193.0,3652.0,155.0,3
1700240116,3579.0,193.0,3652.0,155.0,3
1700240116,3581.0,191.0,3652.0,155.0,3
1700240116,3583.0,190.0,3652.0,155.0,3
1700240116,3584.0,190.0,3652.0,155.0,3
1700240116,3585.0,190.0,3652.0,155.0,3
1700240116,3584.0,190.0,3652.0,155.0,3
1700240116,3584.0,191.0,3652.0,155.0,3
1700240116,3566.0,189.0,3652.0,155.0,3
1700240116,3380.0,166.0,3649.0,158.0,3
1700240116,3105.0,132.0,3649.0,158.0,3
1700240116,2941.0,112.0,3649.0,158.0,3
1700240116,2862.0,100.0,3649.0,158.0,3
1700240116,2830.0,116.0,3649.0,158.0,3
1700240116,2323.0,360.0,3648.0,157.0,3
1700240116,2275.0,473.0,3648.0,157.0,3
1700240116,2314.0,417.0,3648.0,157.0,3
1700240116,2226.0,400.0,3648.0,157.0,3
1700240116,2242.0,397.0,3648.0,157.0,3
1700240116,2478.0,384.0,3647.0,157.0,3
1700240116,2317.0,431.0,3647.0,157.0,3
1700240118,2410.0,370.0,3612.0,147.0,3
1700240118,2404.0,377.0,3612.0,147.0,3
1700240118,2365.0,415.0,3612.0,147.0,3
1700240118,2367.0,415.0,3612.0,147.0,3
1700240118,2406.0,406.0,3612.0,147.0,3
1700240118,2435.0,400.0,3612.0,147.0,3
1700240118,2443.0,403.0,3612.0,147.0,3
1700240118,2477.0,409.0,3612.0,147.0,3
1700240118,2452.0,415.0,3612.0,147.0,3
1700240118,2445.0,420.0,3612.0,147.0,3
1700240118,2442.0,424.0,3612.0,147.0,3
1700240118,2427.0,430.0,3612.0,147.0,3
1700240118,2410.0,434.0,3612.0,147.0,3
1700240118,2391.0,436.0,3612.0,147.0,3
1700240118,2375.0,436.0,3612.0,147.0,3
1700240118,2359.0,433.0,3612.0,147.0,3
1700240118,2327.0,433.0,3612.0,147.0,3
1700240119,2279.0,429.0,3612.0,147.0,3
1700240119,2239.0,426.0,3612.0,147.0,3
1700240119,2208.0,422.0,3612.0,147.0,3
1700240119,2188.0,418.0,3612.0,147.0,3
1700240119,2169.0,416.0,3612.0,147.0,3
1700240119,2160.0,425.0,3612.0,147.0,3
1700240120,2148.0,433.0,3612.0,147.0,3
1700240120,2151.0,430.0,3612.0,147.0,3
1700240120,2154.0,427.0,3612.0,147.0,3
1700240120,2155.0,423.0,3612.0,147.0,3
1700240120,2210.0,383.0,3612.0,147.0,3
1700240120,2213.0,380.0,3612.0,147.0,3
1700240120,2163.0,412.0,3612.0,147.0,3
1700240120,2165.0,408.0,3612.0,147.0,3
1700240120,2221.0,374.0,3612.0,147.0,3
1700240120,2169.0,404.0,3612.0,147.0,3
1700240120,2171.0,401.0,3612.0,147.0,3
1700240120,2174.0,398.0,3612.0,147.0,3
1700240120,2178.0,395.0,3612.0,147.0,3
1700240120,2179.0,392.0,3612.0,147.0,3
1700240120,2181.0,390.0,3612.0,147.0,3
1700240120,2184.0,386.0,3612.0,147.0,3
1700240120,2187.0,384.0,3612.0,147.0,3
1700240122,2264.0,396.0,3612.0,147.0,3
1700240123,2228.0,460.0,3612.0,147.0,3
1700240123,2205.0,477.0,3612.0,147.0,3
1700240123,2124.0,518.0,3612.0,147.0,3
1700240123,2154.0,513.0,3612.0,147.0,3
1700240123,2079.0,557.0,3612.0,147.0,3
1700240123,2131.0,537.0,3612.0,147.0,3
1700240123,2062.0,580.0,3612.0,147.0,3
1700240123,2109.0,554.0,3612.0,147.0,3
1700240123,2099.0,557.0,3612.0,147.0,3
1700240123,2080.0,562.0,3612.0,147.0,3
1700240123,2065.0,565.0,3612.0,147.0,3
1700240123,2061.0,572.0,3612.0,147.0,3
1700240123,2063.0,578.0,3612.0,147.0,3
1700240123,2064.0,578.0,3612.0,147.0,3
1700240123,2067.0,578.0,3612.0,147.0,3
1700240123,2072.0,577.0,3612.0,147.0,3
1700240124,2077.0,575.0,3612.0,147.0,3
1700240124,2082.0,573.0,3612.0,147.0,3
1700240124,2086.0,570.0,3612.0,147.0,3
1700240124,2102.0,565.0,3612.0,147.0,3
1700240124,2046.0,594.0,3612.0,147.0,3
1700240124,2063.0,584.0,3612.0,147.0,3
1700240124,2081.0,577.0,3612.0,147.0,3
1700240124,2096.0,567.0,3612.0,147.0,3
1700240124,2112.0,560.0,3606.0,147.0,3
1700240124,2148.0,497.0,3561.0,136.0,3
1700240124,2151.0,482.0,3471.0,101.0,3
1700240124,2153.0,465.0,3381.0,72.0,3
1700240124,2158.0,450.0,3341.0,68.0,3
1700240124,2166.0,437.0,3337.0,72.0,3
1700240124,2175.0,427.0,3336.0,73.0,3
1700240124,2181.0,419.0,3336.0,73.0,3
1700240124,2188.0,413.0,3336.0,73.0,3
1700240124,2192.0,408.0,3327.0,78.0,3
1700240124,2197.0,403.0,3189.0,124.0,3
1700240124,2130.0,450.0,3015.0,179.0,3
1700240124,2137.0,446.0,2708.0,245.0,3
1700240124,2165.0,443.0,2443.0,303.0,3
1700240124,2193.0,438.0,2393.0,324.0,3
1700240125,337.0,225.0,726.0,343.0,3
1700240125,342.0,225.0,679.0,357.0,3
1700240125,346.0,226.0,641.0,369.0,3
1700240125,349.0,227.0,645.0,371.0,3
1700240125,354.0,229.0,673.0,356.0,3
1700240125,358.0,230.0,674.0,356.0,3
1700240125,364.0,233.0,674.0,356.0,3
1700240125,371.0,238.0,674.0,356.0,3
1700240125,375.0,240.0,674.0,356.0,3
1700240125,382.0,243.0,667.0,359.0,3
1700240125,388.0,247.0,652.0,360.0,3
1700240125,393.0,249.0,649.0,360.0,3
1700240125,396.0,251.0,649.0,360.0,3
1700240125,400.0,255.0,649.0,360.0,3
1700240125,403.0,258.0,649.0,360.0,3
1700240125,406.0,260.0,649.0,360.0,3
1700240125,409.0,263.0,649.0,360.0,3
1700240125,412.0,265.0,649.0,360.0,3
1700240125,414.0,267.0,649.0,360.0,3
1700240125,414.0,268.0,647.0,360.0,3
1700240125,411.0,270.0,623.0,364.0,3
1700240126,408.0,272.0,600.0,368.0,3
1700240126,405.0,274.0,589.0,357.0,3
1700240126,403.0,275.0,585.0,336.0,3
1700240126,401.0,276.0,585.0,336.0,3
1700240126,400.0,278.0,585.0,336.0,3
1700240126,399.0,279.0,585.0,336.0,3
1700240126,399.0,280.0,585.0,336.0,3
1700240126,398.0,281.0,573.0,344.0,3
1700240126,397.0,282.0,562.0,348.0,3
1700240126,396.0,283.0,551.0,349.0,3
1700240126,396.0,284.0,551.0,349.0,3
1700240126,399.0,284.0,550.0,349.0,3
1700240126,402.0,283.0,542.0,349.0,3
1700240126,405.0,283.0,541.0,349.0,3
1700240126,408.0,284.0,546.0,355.0,3
1700240126,411.0,283.0,629.0,382.0,3
1700240126,414.0,283.0,831.0,424.0,3
1700240126,417.0,283.0,1028.0,453.0,3
1700240126,420.0,283.0,1154.0,475.0,3
1700240126,423.0,283.0,1175.0,482.0,3
1700240126,426.0,283.0,1172.0,482.0,3
1700240126,428.0,283.0,1154.0,479.0,3
1700240126,430.0,284.0,1114.0,460.0,3
1700240126,432.0,287.0,1111.0,457.0,3
1700240126,434.0,289.0,1111.0,457.0,3
1700240126,437.0,292.0,1110.0,457.0,3
1700240126,438.0,294.0,1054.0,459.0,3
1700240126,440.0,294.0,978.0,459.0,3
1700240126,441.0,295.0,917.0,459.0,3
1700240126,441.0,297.0,886.0,465.0,3
1700240126,440.0,299.0,878.0,476.0,3
1700240126,463.0,306.0,880.0,504.0,3
1700240126,645.0,338.0,931.0,527.0,3
1700240127,979.0,402.0,1094.0,542.0,3
1700240127,1193.0,438.0,1284.0,542.0,3
1700240127,1292.0,455.0,1363.0,536.0,3
1700240127,1337.0,465.0,1363.0,529.0,3
1700240127,1356.0,464.0,1359.0,525.0,3
1700240127,1366.0,467.0,1359.0,525.0,3
1700240127,1378.0,469.0,1359.0,525.0,3
1700240127,1391.0,469.0,1366.0,524.0,3
1700240127,1398.0,468.0,1376.0,520.0,3
1700240127,1403.0,466.0,1390.0,514.0,3
1700240127,1404.0,467.0,1425.0,507.0,3
1700240127,1381.0,465.0,1440.0,505.0,3
1700240127,1271.0,449.0,1440.0,505.0,3
1700240127,918.0,394.0,1440.0,505.0,0
1700240127,660.0,351.0,1440.0,505.0,0
1700240127,539.0,333.0,1440.0,505.0,0
1700240127,487.0,322.0,1440.0,505.0,3
1700240127,464.0,316.0,1440.0,505.0,3
1700240127,455.0,313.0,1440.0,505.0,3
1700240127,447.0,310.0,1440.0,505.0,3
1700240127,443.0,312.0,1440.0,505.0,3
1700240127,441.0,313.0,1440.0,505.0,3
1700240127,440.0,314.0,1440.0,505.0,3
1700240127,440.0,315.0,1440.0,505.0,3
1700240127,440.0,314.0,1440.0,505.0,3
1700240127,431.0,312.0,1440.0,505.0,3
1700240127,422.0,309.0,1440.0,505.0,3
1700240127,416.0,308.0,1440.0,505.0,3
1700240127,416.0,308.0,1471.0,500.0,3
1700240127,450.0,306.0,1488.0,494.0,3
1700240127,718.0,324.0,1488.0,494.0,3
1700240127,1167.0,384.0,1488.0,494.0,3
1700240127,1439.0,425.0,1488.0,494.0,3
1700240128,1540.0,443.0,1523.0,502.0,3
1700240128,1580.0,451.0,1618.0,513.0,3
1700240128,1597.0,456.0,1686.0,517.0,3
1700240128,1607.0,461.0,1710.0,519.0,3
1700240128,1612.0,463.0,1709.0,517.0,3
1700240128,1615.0,465.0,1705.0,516.0,3
1700240128,1617.0,463.0,1700.0,516.0,3
1700240128,1617.0,461.0,1697.0,516.0,3
1700240128,1619.0,460.0,1694.0,515.0,3
1700240128,1620.0,460.0,1681.0,511.0,3
1700240128,1620.0,460.0,1667.0,507.0,3
1700240128,1619.0,460.0,1666.0,506.0,3
1700240128,1619.0,462.0,1666.0,506.0,3
1700240128,1620.0,463.0,1666.0,506.0,3
1700240128,1623.0,464.0,1666.0,506.0,3
1700240128,1624.0,465.0,1666.0,506.0,3
1700240128,1626.0,466.0,1666.0,506.0,3
1700240128,1627.0,468.0,1666.0,506.0,3
1700240128,1627.0,469.0,1665.0,505.0,0
1700240128,1628.0,471.0,1665.0,505.0,0
1700240128,1629.0,471.0,1665.0,505.0,0
1700240128,1630.0,471.0,1665.0,505.0,0
1700240128,1630.0,471.0,1665.0,505.0,3
1700240128,1631.0,471.0,1665.0,505.0,3
1700240128,1631.0,472.0,1665.0,505.0,3
1700240128,1631.0,473.0,1665.0,505.0,3
1700240128,1631.0,474.0,1665.0,505.0,3
1700240128,1631.0,475.0,1665.0,505.0,3
1700240128,1631.0,476.0,1665.0,505.0,3
1700240128,1631.0,476.0,1665.0,505.0,3
1700240128,1631.0,476.0,1665.0,505.0,3
1700240128,1632.0,476.0,1665.0,505.0,3
1700240128,1632.0,476.0,1665.0,505.0,3
1700240128,1631.0,476.0,1665.0,505.0,3
1700240129,1575.0,466.0,1665.0,505.0,3
1700240129,1221.0,402.0,1656.0,505.0,3
1700240129,788.0,335.0,1634.0,512.0,3
1700240129,578.0,300.0,1627.0,513.0,3
1700240129,500.0,285.0,1627.0,513.0,3
1700240129,469.0,279.0,1627.0,513.0,3
1700240129,456.0,278.0,1627.0,513.0,3
1700240129,451.0,276.0,1627.0,513.0,3
1700240129,451.0,276.0,1627.0,513.0,3
1700240129,443.0,279.0,1627.0,513.0,3
1700240129,431.0,284.0,1627.0,513.0,3
1700240129,423.0,286.0,1627.0,513.0,3
1700240129,422.0,287.0,1627.0,513.0,3
1700240129,452.0,291.0,1610.0,520.0,3
1700240129,625.0,335.0,1536.0,555.0,3
1700240129,1004.0,456.0,1472.0,585.0,3
1700240129,1259.0,543.0,1449.0,607.0,3
1700240129,1369.0,571.0,1437.0,621.0,3
1700240129,1415.0,580.0,1418.0,637.0,3
1700240129,1434.0,584.0,1409.0,640.0,3
1700240129,1444.0,589.0,1406.0,640.0,3
1700240129,1444.0,594.0,1392.0,643.0,3
1700240129,1445.0,593.0,1378.0,650.0,3
1700240129,1447.0,591.0,1373.0,654.0,3
1700240129,1435.0,589.0,1373.0,656.0,3
1700240129,1389.0,576.0,1378.0,657.0,3
1700240129,1055.0,483.0,1391.0,652.0,3
1700240129,696.0,394.0,1403.0,647.0,3
1700240129,526.0,351.0,1404.0,646.0,3
1700240129,458.0,329.0,1404.0,646.0,0
1700240129,429.0,322.0,1404.0,646.0,0
1700240129,415.0,315.0,1404.0,646.0,0
1700240129,406.0,314.0,1404.0,646.0,3
1700240130,404.0,303.0,1404.0,646.0,3
1700240130,406.0,295.0,1404.0,646.0,3
1700240130,406.0,291.0,1404.0,646.0,3
1700240130,406.0,287.0,1404.0,646.0,3
1700240130,406.0,284.0,1410.0,641.0,3
1700240130,406.0,282.0,1432.0,639.0,3
1700240130,406.0,282.0,1471.0,636.0,3
1700240130,406.0,281.0,1505.0,636.0,3
1700240130,413.0,282.0,1552.0,636.0,3
1700240130,465.0,287.0,1586.0,639.0,3
1700240130,747.0,338.0,1592.0,641.0,3
1700240130,1192.0,445.0,1596.0,644.0,3
1700240130,1466.0,515.0,1603.0,647.0,3
1700240130,1569.0,538.0,1611.0,649.0,3
1700240130,1608.0,544.0,1617.0,650.0,3
1700240130,1627.0,548.0,1620.0,650.0,3
1700240130,1629.0,561.0,1621.0,650.0,3
1700240130,1627.0,571.0,1621.0,650.0,3
1700240130,1627.0,575.0,1621.0,650.0,3
1700240130,1583.0,566.0,1621.0,650.0,3
1700240130,1456.0,541.0,1621.0,650.0,0
1700240130,978.0,457.0,1621.0,650.0,0
1700240130,637.0,397.0,1621.0,650.0,0
1700240130,500.0,368.0,1621.0,650.0,3
1700240130,446.0,349.0,1621.0,650.0,3
1700240130,424.0,344.0,1621.0,650.0,3
1700240130,416.0,346.0,1621.0,650.0,3
1700240130,412.0,343.0,1621.0,650.0,3
1700240130,410.0,344.0,1621.0,650.0,3
1700240130,408.0,346.0,1618.0,648.0,3
1700240130,407.0,345.0,1616.0,645.0,3
1700240130,405.0,337.0,1615.0,641.0,3
1700240130,404.0,324.0,1615.0,636.0,3
1700240131,403.0,315.0,1615.0,636.0,3
1700240131,402.0,309.0,1615.0,636.0,3
1700240131,401.0,306.0,1615.0,636.0,3
1700240131,401.0,302.0,1615.0,636.0,3
1700240131,401.0,299.0,1615.0,636.0,3
1700240131,412.0,297.0,1615.0,636.0,3
1700240131,446.0,296.0,1615.0,636.0,3
1700240131,496.0,293.0,1615.0,636.0,3
1700240131,547.0,290.0,1615.0,636.0,3
1700240131,587.0,286.0,1614.0,636.0,3
1700240131,617.0,284.0,1614.0,636.0,3
1700240132,2468.0,388.0,2114.0,488.0,3
1700240132,2427.0,397.0,2114.0,486.0,3
1700240132,2312.0,423.0,2114.0,485.0,3
1700240132,2228.0,441.0,2114.0,483.0,3
1700240132,2182.0,452.0,2114.0,481.0,3
1700240132,2159.0,458.0,2116.0,479.0,3
1700240132,2181.0,457.0,2117.0,478.0,3
1700240132,2210.0,452.0,2117.0,478.0,0
1700240132,2194.0,457.0,2117.0,478.0,0
1700240132,2182.0,461.0,2117.0,478.0,0
1700240132,2188.0,458.0,2117.0,478.0,3
1700240132,2205.0,456.0,2123.0,480.0,3
1700240132,2242.0,454.0,2197.0,518.0,3
1700240132,2261.0,455.0,2296.0,562.0,3
1700240132,2246.0,461.0,2356.0,589.0,3
1700240132,2240.0,465.0,2352.0,592.0,3
1700240132,2236.0,470.0,2348.0,594.0,3
1700240132,2249.0,473.0,2348.0,594.0,3
1700240132,2269.0,477.0,2348.0,594.0,3
1700240132,2513.0,472.0,2346.0,596.0,3
1700240132,2540.0,517.0,2345.0,597.0,3
1700240132,2517.0,551.0,2344.0,598.0,3
1700240133,2515.0,571.0,2340.0,601.0,3
1700240133,2483.0,588.0,2340.0,602.0,3
1700240133,2460.0,599.0,2340.0,602.0,3
1700240133,2446.0,603.0,2341.0,603.0,3
1700240133,2437.0,603.0,2341.0,603.0,3
1700240133,2432.0,602.0,2341.0,603.0,3
1700240133,2427.0,601.0,2341.0,603.0,0
1700240133,2422.0,600.0,2347.0,607.0,3
1700240133,2415.0,599.0,2356.0,615.0,3
1700240133,2410.0,599.0,2358.0,617.0,3
1700240133,2413.0,597.0,2358.0,617.0,3
1700240133,2418.0,596.0,2358.0,617.0,3
1700240133,2422.0,596.0,2358.0,617.0,3
1700240133,2450.0,592.0,2358.0,617.0,3
1700240133,2482.0,591.0,2358.0,618.0,3
1700240133,2492.0,593.0,2359.0,619.0,3
1700240133,2474.0,598.0,2359.0,619.0,3
1700240133,2466.0,600.0,2359.0,619.0,3
1700240133,2458.0,603.0,2359.0,619.0,3
1700240133,2448.0,603.0,2360.0,619.0,3
1700240133,2438.0,604.0,2361.0,619.0,3
1700240133,2449.0,602.0,2362.0,619.0,3
1700240133,2475.0,599.0,2362.0,619.0,3
1700240133,2510.0,600.0,2362.0,619.0,0
1700240133,2550.0,601.0,2362.0,619.0,0
1700240133,2582.0,609.0,2362.0,619.0,0
1700240133,2609.0,621.0,2362.0,619.0,3
1700240133,2630.0,632.0,2362.0,619.0,3
1700240133,2645.0,644.0,2345.0,610.0,3
1700240133,2658.0,656.0,2344.0,607.0,3
1700240133,2655.0,668.0,2344.0,607.0,3
1700240133,2648.0,679.0,2344.0,607.0,3
1700240133,2650.0,686.0,2344.0,607.0,3
1700240134,2642.0,691.0,2344.0,607.0,3
1700240134,2654.0,693.0,2344.0,607.0,3
1700240134,2654.0,700.0,2344.0,607.0,3
1700240134,2649.0,708.0,2344.0,607.0,3
1700240134,2690.0,708.0,2344.0,607.0,3
1700240134,2772.0,700.0,2344.0,607.0,3
1700240134,2856.0,690.0,2344.0,607.0,3
1700240134,2913.0,685.0,2348.0,607.0,3
1700240134,2949.0,683.0,2353.0,608.0,3
1700240134,2925.0,698.0,2358.0,607.0,3
1700240136,3405.0,666.0,3532.0,441.0,3
1700240136,3396.0,669.0,3533.0,437.0,3
1700240136,3353.0,677.0,3533.0,436.0,3
1700240136,3322.0,671.0,3533.0,436.0,3
1700240136,3256.0,668.0,3408.0,455.0,3
1700240136,3134.0,671.0,3240.0,488.0,3
1700240136,3032.0,677.0,3099.0,520.0,3
1700240136,2970.0,677.0,3076.0,525.0,3
1700240136,2916.0,674.0,3079.0,529.0,3
1700240136,2882.0,671.0,3079.0,531.0,3
1700240136,2864.0,669.0,3064.0,535.0,3
1700240136,2854.0,665.0,3046.0,540.0,3
1700240136,2861.0,663.0,3045.0,551.0,3
1700240136,2877.0,665.0,3045.0,572.0,3
1700240136,2887.0,665.0,3040.0,588.0,3
1700240136,2894.0,663.0,3035.0,595.0,3
1700240136,2900.0,661.0,3019.0,598.0,3
1700240136,2908.0,658.0,3006.0,602.0,3
1700240136,2915.0,616.0,3004.0,602.0,3
1700240136,2925.0,550.0,2997.0,603.0,3
1700240136,2965.0,496.0,2989.0,605.0,3
1700240136,2990.0,464.0,2989.0,605.0,3
1700240136,3005.0,451.0,2989.0,605.0,3
1700240136,3012.0,448.0,2989.0,605.0,0
1700240136,3016.0,449.0,2989.0,605.0,0
1700240136,3017.0,452.0,2989.0,605.0,0
1700240136,3021.0,449.0,2989.0,605.0,3
1700240136,3024.0,447.0,2989.0,605.0,3
1700240136,3026.0,447.0,2989.0,605.0,3
1700240137,3026.0,449.0,2987.0,607.0,3
1700240137,3026.0,451.0,2986.0,607.0,3
1700240137,3027.0,453.0,2985.0,608.0,3
1700240137,3027.0,455.0,2984.0,608.0,3
1700240137,3028.0,457.0,2984.0,608.0,3
1700240137,3023.0,462.0,2984.0,608.0,3
1700240137,3010.0,468.0,2982.0,608.0,3
1700240137,3015.0,470.0,2981.0,609.0,3
1700240137,3016.0,477.0,2981.0,609.0,3
1700240137,3014.0,486.0,2980.0,609.0,3
1700240137,3014.0,494.0,2980.0,609.0,3
1700240137,3014.0,502.0,2979.0,609.0,3
1700240137,3014.0,508.0,2979.0,609.0,3
1700240137,3015.0,514.0,2979.0,609.0,3
1700240137,3014.0,518.0,2979.0,609.0,3
1700240137,3013.0,523.0,2979.0,609.0,3
1700240137,3014.0,526.0,2979.0,609.0,3
1700240137,3009.0,530.0,2979.0,609.0,3
1700240137,3003.0,534.0,2979.0,609.0,3
1700240137,2997.0,538.0,2979.0,609.0,3
1700240137,2993.0,541.0,2979.0,609.0,3
1700240137,2989.0,543.0,2979.0,609.0,3
1700240137,2986.0,545.0,2985.0,604.0,3
1700240137,2975.0,549.0,3091.0,564.0,3
1700240138,3113.0,579.0,3512.0,454.0,3
1700240138,3148.0,589.0,3512.0,454.0,3
1700240138,3187.0,591.0,3512.0,454.0,3
1700240138,3233.0,586.0,3512.0,454.0,3
1700240138,3279.0,575.0,3512.0,454.0,3
1700240138,3302.0,566.0,3512.0,454.0,3
1700240138,3321.0,557.0,3512.0,454.0,3
1700240138,3338.0,547.0,3516.0,451.0,3
1700240138,3351.0,535.0,3526.0,445.0,3
1700240138,3363.0,525.0,3536.0,438.0,3
1700240138,3374.0,515.0,3544.0,426.0,3
1700240138,3384.0,505.0,3545.0,425.0,3
1700240138,3393.0,495.0,3546.0,424.0,3
1700240138,3400.0,487.0,3551.0,420.0,3
1700240138,3407.0,480.0,3558.0,414.0,3
1700240138,3412.0,474.0,3571.0,404.0,3
1700240138,3426.0,473.0,3574.0,402.0,3
1700240138,3441.0,474.0,3574.0,402.0,3
1700240138,3454.0,474.0,3574.0,402.0,0
1700240138,3465.0,472.0,3574.0,402.0,0
1700240138,3474.0,471.0,3574.0,402.0,0
1700240138,3481.0,469.0,3574.0,402.0,0
1700240138,3486.0,468.0,3574.0,402.0,3
1700240138,3491.0,466.0,3574.0,402.0,3
1700240138,3495.0,463.0,3574.0,402.0,3
1700240138,3499.0,461.0,3574.0,402.0,3
1700240138,3502.0,459.0,3574.0,402.0,3
1700240138,3505.0,458.0,3574.0,402.0,3
1700240138,3506.0,457.0,3574.0,402.0,3
1700240138,3506.0,457.0,3574.0,402.0,3
1700240138,3507.0,457.0,3578.0,404.0,3
1700240138,3507.0,457.0,3588.0,418.0,3
1700240138,3508.0,458.0,3594.0,428.0,3
1700240138,3508.0,458.0,3597.0,433.0,3
1700240138,3508.0,458.0,3598.0,437.0,3
1700240138,3508.0,458.0,3599.0,438.0,3
1700240139,3508.0,458.0,3599.0,439.0,3
1700240139,3509.0,458.0,3601.0,443.0,3
1700240139,3509.0,458.0,3601.0,444.0,3
1700240139,3509.0,459.0,3602.0,447.0,3
1700240139,3510.0,459.0,3602.0,448.0,3
1700240139,3510.0,459.0,3602.0,448.0,3
1700240139,3510.0,460.0,3602.0,448.0,3
1700240139,3511.0,460.0,3602.0,448.0,3
1700240139,3511.0,460.0,3602.0,448.0,3
1700240139,3511.0,460.0,3602.0,448.0,3
1700240139,3512.0,460.0,3602.0,448.0,3
1700240139,3514.0,459.0,3602.0,448.0,3
1700240139,3515.0,457.0,3602.0,448.0,3
1700240139,3517.0,456.0,3602.0,448.0,3
1700240139,3520.0,455.0,3602.0,448.0,3
1700240139,3522.0,454.0,3602.0,448.0,3
1700240139,3524.0,452.0,3602.0,448.0,3
1700240139,3526.0,449.0,3602.0,448.0,3
1700240139,3528.0,448.0,3602.0,448.0,3
1700240139,3531.0,447.0,3602.0,448.0,3
1700240139,3532.0,446.0,3600.0,442.0,3
1700240139,3533.0,445.0,3599.0,438.0,3
1700240139,3535.0,444.0,3598.0,436.0,3
1700240139,3536.0,442.0,3598.0,436.0,3
1700240139,3538.0,440.0,3598.0,436.0,3
1700240139,3539.0,439.0,3598.0,436.0,3
1700240139,3539.0,439.0,3598.0,436.0,3
1700240139,3540.0,439.0,3598.0,436.0,3
1700240139,3540.0,439.0,3598.0,436.0,0
1700240139,3541.0,439.0,3598.0,436.0,0
1700240139,3541.0,439.0,3598.0,436.0,0
1700240139,3539.0,438.0,3598.0,436.0,3
1700240139,3537.0,437.0,3598.0,436.0,3
1700240140,3534.0,437.0,3595.0,437.0,3
1700240140,3532.0,437.0,3590.0,444.0,3
1700240140,3530.0,437.0,3588.0,446.0,3
1700240140,3527.0,437.0,3588.0,446.0,3
1700240140,3525.0,436.0,3588.0,446.0,3
1700240140,3523.0,435.0,3588.0,446.0,3
1700240140,3521.0,435.0,3588.0,446.0,3
1700240140,3519.0,435.0,3588.0,446.0,3
1700240140,3518.0,435.0,3588.0,446.0,0
1700240140,3518.0,435.0,3587.0,447.0,0
1700240140,3520.0,436.0,3587.0,447.0,3
1700240140,3523.0,438.0,3587.0,447.0,3
1700240140,3527.0,442.0,3587.0,447.0,3
1700240140,3533.0,446.0,3592.0,453.0,3
1700240140,3538.0,449.0,3604.0,461.0,3
1700240140,3543.0,452.0,3616.0,468.0,3
1700240140,3547.0,454.0,3625.0,472.0,3
1700240140,3549.0,457.0,3625.0,472.0,3
1700240140,3552.0,460.0,3626.0,473.0,3
1700240140,3556.0,461.0,3626.0,476.0,3
1700240140,3556.0,462.0,3626.0,479.0,3
1700240140,3555.0,463.0,3626.0,482.0,3
1700240140,3553.0,464.0,3625.0,484.0,3
1700240140,3553.0,466.0,3624.0,484.0,3
1700240140,3553.0,466.0,3620.0,485.0,3
1700240140,3553.0,467.0,3619.0,485.0,3
1700240140,3554.0,469.0,3616.0,486.0,3
1700240140,3554.0,470.0,3615.0,487.0,3
1700240140,3554.0,473.0,3614.0,487.0,3
1700240140,3554.0,475.0,3612.0,487.0,3
1700240140,3555.0,476.0,3611.0,487.0,3
1700240140,3556.0,477.0,3609.0,488.0,3
1700240140,3554.0,478.0,3606.0,491.0,3
1700240141,3552.0,480.0,3605.0,493.0,3
1700240141,3549.0,482.0,3605.0,493.0,3
1700240141,3547.0,484.0,3604.0,494.0,3
1700240141,3545.0,485.0,3604.0,494.0,3
1700240141,3543.0,487.0,3604.0,494.0,3
1700240141,3542.0,488.0,3604.0,494.0,3
1700240141,3542.0,489.0,3604.0,494.0,3
1700240141,3541.0,490.0,3604.0,494.0,3
1700240141,3541.0,490.0,3604.0,494.0,3
1700240141,3540.0,491.0,3604.0,494.0,3
1700240141,3540.0,491.0,3604.0,494.0,3
1700240141,3539.0,492.0,3604.0,494.0,3
1700240141,3538.0,493.0,3604.0,494.0,0
1700240141,3538.0,494.0,3604.0,494.0,0
1700240141,3542.0,500.0,3604.0,494.0,0
1700240141,3546.0,507.0,3604.0,494.0,3
1700240141,3551.0,514.0,3603.0,497.0,3
1700240141,3556.0,521.0,3601.0,506.0,3
1700240141,3560.0,525.0,3601.0,527.0,3
1700240141,3562.0,530.0,3607.0,541.0,3
1700240141,3565.0,534.0,3607.0,543.0,3
1700240141,3568.0,538.0,3608.0,544.0,3
1700240141,3571.0,542.0,3608.0,544.0,3
1700240141,3575.0,546.0,3608.0,544.0,3
1700240141,3578.0,549.0,3610.0,548.0,3
1700240141,3580.0,553.0,3614.0,551.0,3
1700240141,3581.0,554.0,3618.0,554.0,3
1700240141,3582.0,555.0,3624.0,559.0,3
1700240141,3583.0,556.0,3627.0,563.0,3
1700240141,3583.0,556.0,3628.0,568.0,3
1700240141,3583.0,557.0,3628.0,568.0,3
1700240141,3583.0,558.0,3628.0,568.0,3
1700240141,3583.0,559.0,3628.0,568.0,3
1700240142,3584.0,559.0,3628.0,568.0,3
1700240142,3584.0,560.0,3628.0,568.0,0
1700240142,3582.0,561.0,3628.0,568.0,0
1700240142,3581.0,561.0,3628.0,568.0,3
1700240142,3580.0,562.0,3628.0,568.0,3
1700240142,3580.0,562.0,3628.0,568.0,3
1700240142,3580.0,563.0,3628.0,576.0,3
1700240142,3580.0,562.0,3632.0,591.0,3
1700240142,3580.0,563.0,3640.0,608.0,3
1700240142,3580.0,562.0,3642.0,614.0,3
1700240142,3580.0,562.0,3642.0,616.0,3
1700240142,3581.0,562.0,3643.0,617.0,3
1700240142,3581.0,562.0,3643.0,621.0,3
1700240142,3581.0,562.0,3643.0,621.0,3
1700240142,3581.0,561.0,3643.0,621.0,3
1700240142,3581.0,561.0,3643.0,621.0,0
1700240142,3582.0,561.0,3643.0,621.0,0
1700240142,3582.0,560.0,3643.0,621.0,0
1700240142,3582.0,560.0,3643.0,621.0,3
1700240142,3582.0,560.0,3635.0,618.0,3
1700240142,3583.0,560.0,3634.0,610.0,3
1700240142,3583.0,560.0,3634.0,609.0,3
1700240142,3584.0,559.0,3634.0,609.0,3
1700240142,3584.0,559.0,3634.0,609.0,3
1700240142,3585.0,559.0,3634.0,609.0,3
1700240142,3585.0,558.0,3634.0,609.0,3
1700240142,3585.0,558.0,3634.0,609.0,3
1700240142,3586.0,557.0,3634.0,609.0,3
1700240142,3586.0,557.0,3634.0,609.0,3
1700240142,3587.0,557.0,3634.0,609.0,3
1700240142,3587.0,558.0,3634.0,609.0,3
1700240142,3549.0,557.0,3615.0,614.0,3
1700240142,3305.0,577.0,3575.0,618.0,3
1700240143,2881.0,679.0,3416.0,634.0,3
1700240143,2484.0,761.0,3138.0,672.0,3
1700240143,2738.0,689.0,2840.0,703.0,3
1700240146,2213.0,833.0,2258.0,796.0,3
1700240146,2213.0,830.0,2258.0,796.0,3
1700240146,2211.0,820.0,2258.0,796.0,3
1700240146,2180.0,803.0,2258.0,796.0,3
1700240146,2149.0,784.0,2258.0,796.0,3
1700240146,2206.0,759.0,2258.0,796.0,3
1700240146,2180.0,752.0,2258.0,796.0,3
1700240146,2159.0,747.0,2258.0,796.0,3
1700240146,2142.0,743.0,2258.0,796.0,3
1700240146,2130.0,741.0,2258.0,796.0,3
1700240146,2119.0,737.0,2258.0,796.0,3
1700240146,2110.0,734.0,2258.0,796.0,3
1700240146,2104.0,732.0,2258.0,796.0,3
1700240146,2102.0,733.0,2258.0,796.0,3
1700240146,2099.0,733.0,2258.0,796.0,3
1700240146,2096.0,730.0,2258.0,796.0,3
1700240146,2096.0,728.0,2258.0,796.0,3
1700240146,2094.0,726.0,2258.0,796.0,3
1700240146,2093.0,725.0,2258.0,796.0,3
1700240146,2093.0,724.0,2258.0,796.0,3
1700240146,2093.0,723.0,2258.0,796.0,3
1700240146,2096.0,723.0,2258.0,796.0,3
1700240146,2102.0,721.0,2258.0,796.0,3
1700240146,2108.0,720.0,2258.0,796.0,3
1700240146,2116.0,719.0,2258.0,796.0,3
1700240146,2121.0,719.0,2258.0,796.0,3
1700240146,2127.0,720.0,2258.0,796.0,3
1700240146,2132.0,720.0,2258.0,796.0,3
1700240146,2135.0,720.0,2258.0,796.0,3
1700240146,2138.0,720.0,2258.0,796.0,3
1700240146,2139.0,721.0,2258.0,796.0,3
1700240146,2141.0,721.0,2258.0,796.0,3
1700240146,2144.0,721.0,2258.0,796.0,3
1700240146,2145.0,721.0,2258.0,796.0,3
1700240146,2146.0,721.0,2258.0,796.0,3
1700240146,2147.0,721.0,2258.0,796.0,3
1700240146,2147.0,720.0,2258.0,796.0,3
1700240146,2148.0,720.0,2258.0,796.0,3
1700240146,2149.0,719.0,2258.0,796.0,3
1700240146,2150.0,719.0,2258.0,796.0,3
1700240146,2160.0,718.0,2258.0,796.0,3
1700240146,2173.0,716.0,2258.0,796.0,3
1700240146,2187.0,715.0,2258.0,796.0,3
1700240146,2198.0,714.0,2258.0,796.0,3
1700240146,2209.0,713.0,2258.0,796.0,3
1700240146,2216.0,710.0,2258.0,796.0,3
1700240146,2225.0,719.0,2258.0,796.0,3
1700240148,1619.0,707.0,1681.0,709.0,3
1700240148,1624.0,720.0,1681.0,726.0,3
1700240148,1628.0,729.0,1675.0,747.0,3
1700240148,1628.0,735.0,1665.0,762.0,3
1700240148,1626.0,738.0,1664.0,764.0,3
1700240148,1624.0,742.0,1664.0,766.0,3
1700240148,1622.0,741.0,1663.0,767.0,3
1700240148,1623.0,735.0,1663.0,767.0,3
1700240148,1624.0,720.0,1663.0,767.0,3
1700240148,1626.0,695.0,1664.0,747.0,3
1700240148,1626.0,670.0,1668.0,716.0,3
1700240148,1625.0,650.0,1673.0,681.0,3
1700240148,1625.0,636.0,1677.0,662.0,3
1700240148,1627.0,629.0,1677.0,661.0,3
1700240148,1628.0,623.0,1677.0,661.0,3
1700240148,1629.0,618.0,1677.0,660.0,3
1700240148,1629.0,614.0,1677.0,660.0,3
1700240148,1630.0,610.0,1677.0,660.0,0
1700240148,1632.0,608.0,1677.0,660.0,0
1700240148,1632.0,607.0,1677.0,660.0,0
1700240148,1631.0,606.0,1677.0,660.0,3
1700240148,1630.0,605.0,1677.0,660.0,3
1700240148,1630.0,605.0,1678.0,656.0,3
1700240148,1630.0,605.0,1686.0,651.0,3
1700240148,1630.0,605.0,1689.0,648.0,3
1700240148,1630.0,605.0,1698.0,645.0,3
1700240148,1630.0,605.0,1743.0,645.0,3
1700240148,1630.0,605.0,1825.0,645.0,3
1700240148,1630.0,605.0,1852.0,644.0,3
1700240148,1630.0,605.0,1858.0,642.0,3
1700240149,1630.0,605.0,1903.0,643.0,3
1700240149,1630.0,605.0,1930.0,647.0,3
1700240149,1631.0,605.0,1889.0,647.0,3
1700240149,1631.0,604.0,1819.0,647.0,3
1700240149,1631.0,603.0,1771.0,641.0,3
1700240149,1632.0,601.0,1727.0,635.0,3
1700240149,1632.0,600.0,1714.0,635.0,3
1700240149,1632.0,600.0,1711.0,635.0,3
1700240149,1633.0,600.0,1702.0,638.0,3
1700240149,1633.0,600.0,1682.0,640.0,3
1700240149,1634.0,600.0,1672.0,642.0,3
1700240149,1634.0,600.0,1671.0,643.0,3
1700240149,1633.0,601.0,1671.0,643.0,3
1700240149,1633.0,600.0,1671.0,643.0,0
1700240149,1633.0,600.0,1670.0,642.0,0
1700240149,1633.0,600.0,1670.0,642.0,0
1700240149,1632.0,599.0,1670.0,642.0,0
1700240149,1633.0,599.0,1670.0,642.0,3
1700240149,1633.0,598.0,1670.0,642.0,0
1700240149,1633.0,598.0,1670.0,642.0,0
1700240149,1633.0,598.0,1670.0,642.0,0
1700240149,1633.0,598.0,1670.0,642.0,0
1700240149,1633.0,598.0,1670.0,642.0,3
1700240149,1632.0,598.0,1670.0,642.0,3
1700240149,1630.0,597.0,1698.0,642.0,3
1700240149,1631.0,596.0,1778.0,652.0,3
1700240149,1684.0,619.0,2012.0,688.0,3
1700240150,2145.0,800.0,2223.0,767.0,3
1700240150,2188.0,843.0,2223.0,769.0,3
1700240150,2215.0,880.0,2223.0,772.0,3
1700240150,2224.0,893.0,2227.0,778.0,3
1700240150,2222.0,904.0,2231.0,782.0,3
1700240150,2214.0,907.0,2235.0,787.0,3
1700240150,2199.0,911.0,2237.0,791.0,3
1700240150,2211.0,888.0,2238.0,793.0,3
1700240150,2218.0,892.0,2238.0,793.0,3
1700240150,2195.0,917.0,2238.0,793.0,3
1700240150,2197.0,916.0,2238.0,793.0,0
1700240150,2202.0,915.0,2238.0,793.0,0
1700240150,2205.0,914.0,2238.0,793.0,0
1700240150,2209.0,914.0,2238.0,793.0,0
1700240150,2212.0,914.0,2238.0,793.0,3
1700240150,2216.0,913.0,2238.0,793.0,3
1700240150,2217.0,912.0,2256.0,795.0,3
1700240150,2219.0,912.0,2354.0,812.0,3
1700240150,2221.0,912.0,2474.0,824.0,3
1700240150,2224.0,912.0,2536.0,820.0,3
1700240150,2228.0,911.0,2537.0,819.0,3
1700240151,2270.0,842.0,2537.0,819.0,3
1700240151,2275.0,848.0,2537.0,819.0,3
1700240151,2279.0,848.0,2537.0,819.0,3
1700240151,2281.0,847.0,2537.0,819.0,3
1700240151,2284.0,847.0,2537.0,819.0,3
1700240151,2284.0,848.0,2537.0,819.0,3
1700240151,2285.0,849.0,2537.0,819.0,3
1700240151,2286.0,850.0,2537.0,819.0,3
1700240151,2286.0,850.0,2537.0,819.0,3
1700240152,2287.0,850.0,2537.0,819.0,3
1700240152,2286.0,851.0,2537.0,819.0,3
1700240152,2287.0,852.0,2537.0,819.0,3
1700240152,2287.0,852.0,2537.0,819.0,3
1700240153,670.0,1554.0,2537.0,819.0,3
1700240155,1784.0,853.0,2537.0,819.0,3
1700240155,1998.0,886.0,2537.0,819.0,3
1700240155,2130.0,914.0,2537.0,819.0,3
1700240155,2186.0,930.0,2537.0,819.0,3
1700240155,2195.0,939.0,2537.0,819.0,3
1700240155,2190.0,945.0,2537.0,819.0,3
1700240155,2192.0,944.0,2537.0,819.0,3
1700240155,2197.0,944.0,2537.0,819.0,3
1700240155,2204.0,943.0,2537.0,819.0,3
1700240155,2214.0,941.0,2537.0,819.0,3
1700240155,2223.0,944.0,2537.0,819.0,3
1700240155,2226.0,948.0,2537.0,819.0,3
1700240155,2225.0,954.0,2537.0,819.0,3
1700240155,2219.0,953.0,2537.0,819.0,3
1700240155,2217.0,954.0,2537.0,819.0,3
1700240155,2217.0,953.0,2537.0,819.0,3
1700240155,2217.0,952.0,2537.0,819.0,3
1700240155,2219.0,952.0,2537.0,819.0,3
1700240155,2223.0,951.0,2537.0,819.0,3
1700240155,2229.0,950.0,2537.0,819.0,3
1700240155,2236.0,950.0,2537.0,819.0,3
1700240155,2242.0,948.0,2537.0,819.0,3
1700240156,2234.0,764.0,2351.0,955.0,3
1700240156,2290.0,877.0,2353.0,962.0,3
1700240156,2295.0,887.0,2354.0,968.0,3
1700240156,2299.0,898.0,2357.0,973.0,3
1700240156,2302.0,904.0,2358.0,976.0,3
1700240157,2305.0,909.0,2359.0,977.0,3
1700240157,2309.0,916.0,2359.0,977.0,3
1700240157,2311.0,924.0,2359.0,977.0,0
1700240157,2295.0,906.0,2359.0,977.0,0
1700240157,2281.0,883.0,2359.0,977.0,0
1700240157,2270.0,865.0,2362.0,975.0,3
1700240157,2259.0,850.0,2371.0,947.0,3
1700240157,2252.0,839.0,2366.0,919.0,3
1700240157,2249.0,832.0,2365.0,915.0,3
1700240157,2243.0,823.0,2365.0,915.0,3
1700240157,2238.0,819.0,2365.0,915.0,3
1700240157,2238.0,815.0,2365.0,914.0,3
1700240157,2235.0,808.0,2379.0,894.0,3
1700240157,2234.0,805.0,2391.0,863.0,3
1700240157,2235.0,803.0,2402.0,826.0,3
1700240157,2236.0,802.0,2403.0,815.0,3
1700240157,2250.0,805.0,2403.0,813.0,3
1700240157,2371.0,797.0,2403.0,813.0,3
1700240157,2540.0,781.0,2403.0,813.0,3
1700240157,2659.0,772.0,2403.0,813.0,3
1700240157,2735.0,780.0,2403.0,813.0,3
1700240158,3138.0,737.0,3199.0,822.0,3
1700240158,3115.0,741.0,3199.0,822.0,3
1700240158,3126.0,738.0,3198.0,823.0,3
1700240158,3135.0,735.0,3190.0,811.0,3
1700240158,3130.0,733.0,3173.0,755.0,3
1700240158,3119.0,730.0,3141.0,692.0,3
1700240158,3107.0,727.0,3124.0,667.0,3
1700240158,3092.0,725.0,3116.0,656.0,3
1700240158,3078.0,723.0,3107.0,652.0,3
1700240158,3061.0,704.0,3084.0,647.0,3
1700240159,3042.0,661.0,3060.0,642.0,3
1700240159,3027.0,624.0,3046.0,640.0,3
1700240159,3015.0,599.0,3030.0,634.0,3
1700240159,3007.0,581.0,3016.0,626.0,3
1700240159,3001.0,576.0,3004.0,621.0,3
1700240159,2997.0,576.0,3004.0,621.0,3
1700240159,2993.0,577.0,3004.0,621.0,3
1700240159,2991.0,578.0,3004.0,621.0,3
1700240159,2978.0,561.0,3004.0,621.0,3
1700240159,2936.0,494.0,3002.0,621.0,0
1700240159,2896.0,431.0,3002.0,621.0,0
1700240159,2872.0,390.0,3002.0,621.0,0
1700240159,2859.0,368.0,3002.0,621.0,0
1700240159,2852.0,355.0,3002.0,621.0,3
1700240159,2851.0,350.0,3002.0,621.0,3
1700240159,2849.0,344.0,3001.0,621.0,3
1700240159,2845.0,342.0,3001.0,621.0,3
1700240159,2840.0,342.0,3001.0,621.0,3
1700240159,2837.0,341.0,3001.0,621.0,3
1700240159,2837.0,341.0,3000.0,621.0,3
1700240159,2835.0,340.0,2999.0,621.0,3
1700240159,2822.0,338.0,2997.0,621.0,3
1700240159,2808.0,334.0,2996.0,620.0,3
1700240159,2796.0,330.0,2996.0,620.0,3
1700240159,2787.0,328.0,2995.0,620.0,3
1700240159,2779.0,326.0,2995.0,620.0,3
1700240159,2784.0,323.0,2994.0,619.0,3
1700240159,2794.0,318.0,2994.0,619.0,0
1700240159,2803.0,313.0,2994.0,619.0,0
1700240159,2811.0,311.0,2994.0,619.0,3
1700240159,2818.0,308.0,2994.0,619.0,3
1700240159,2824.0,306.0,2994.0,619.0,3
1700240159,2830.0,303.0,2994.0,619.0,3
1700240160,2834.0,300.0,2994.0,619.0,3
1700240160,2838.0,298.0,2994.0,619.0,3
1700240160,2841.0,296.0,2994.0,619.0,3
1700240160,2843.0,295.0,2994.0,619.0,3
1700240160,2845.0,295.0,2994.0,619.0,3
1700240160,2846.0,295.0,2994.0,619.0,3
1700240160,2847.0,295.0,2994.0,619.0,3
1700240160,2848.0,294.0,2994.0,619.0,3
1700240160,2849.0,294.0,2994.0,619.0,3
1700240160,2849.0,295.0,2994.0,619.0,3
1700240160,2850.0,296.0,2994.0,619.0,0
1700240160,2853.0,300.0,2994.0,619.0,0
1700240160,2856.0,306.0,2994.0,619.0,0
1700240160,2860.0,313.0,2994.0,619.0,3
1700240160,2865.0,319.0,2994.0,619.0,3
1700240160,2868.0,324.0,2994.0,619.0,3
1700240160,2871.0,326.0,2994.0,619.0,3
1700240160,2873.0,329.0,2994.0,619.0,3
1700240160,2874.0,332.0,2994.0,619.0,3
1700240160,2874.0,334.0,2994.0,619.0,3
1700240160,2875.0,335.0,2994.0,619.0,3
1700240160,2876.0,336.0,2994.0,619.0,3
1700240160,2877.0,337.0,2994.0,619.0,3
1700240160,2875.0,337.0,2994.0,619.0,3
1700240160,2873.0,335.0,2994.0,619.0,3
1700240160,2876.0,334.0,2994.0,619.0,3
1700240160,2890.0,330.0,2994.0,619.0,3
1700240160,2910.0,325.0,2994.0,619.0,3
1700240160,2929.0,318.0,2994.0,619.0,3
1700240160,2944.0,318.0,2994.0,619.0,3
1700240162,2945.0,661.0,2966.0,828.0,0
1700240162,2948.0,685.0,2966.0,828.0,0
1700240162,2950.0,716.0,2966.0,828.0,0
1700240162,2953.0,747.0,2966.0,828.0,0
1700240162,2955.0,769.0,2966.0,828.0,3
1700240162,2954.0,785.0,2966.0,828.0,3
1700240162,2954.0,794.0,2971.0,829.0,3
1700240162,2953.0,802.0,2978.0,829.0,3
1700240162,2959.0,807.0,2987.0,832.0,3
1700240162,2979.0,805.0,3000.0,834.0,3
1700240162,2993.0,802.0,3017.0,837.0,3
1700240162,3003.0,800.0,3033.0,837.0,3
1700240162,3011.0,801.0,3063.0,838.0,3
1700240162,3039.0,806.0,3118.0,845.0,3
1700240162,3083.0,809.0,3147.0,850.0,3
1700240162,3118.0,813.0,3153.0,850.0,3
1700240162,3141.0,816.0,3157.0,849.0,3
1700240162,3159.0,818.0,3162.0,844.0,3
1700240162,3170.0,821.0,3166.0,840.0,3
1700240162,3178.0,823.0,3167.0,839.0,3
1700240162,3184.0,824.0,3167.0,839.0,3
1700240162,3188.0,825.0,3167.0,839.0,3
1700240162,3201.0,824.0,3167.0,839.0,3
1700240162,3239.0,818.0,3167.0,838.0,3
1700240162,3261.0,797.0,3152.0,835.0,3
1700240162,3270.0,708.0,3141.0,834.0,3
1700240162,3247.0,570.0,3141.0,834.0,3
1700240163,3223.0,485.0,3141.0,834.0,3
1700240163,3198.0,453.0,3141.0,834.0,3
1700240163,3184.0,438.0,3139.0,832.0,3
1700240163,3177.0,435.0,3135.0,831.0,3
1700240163,3173.0,436.0,3135.0,831.0,3
1700240163,3171.0,438.0,3135.0,831.0,3
1700240163,3176.0,439.0,3135.0,831.0,3
1700240163,3182.0,438.0,3134.0,830.0,3
1700240163,3185.0,441.0,3134.0,830.0,3
1700240163,3185.0,444.0,3134.0,830.0,3
1700240163,3185.0,446.0,3134.0,830.0,3
1700240163,3186.0,447.0,3134.0,830.0,3
1700240163,3185.0,449.0,3134.0,830.0,3
1700240163,3177.0,453.0,3134.0,830.0,3
1700240163,3184.0,454.0,3134.0,830.0,3
1700240163,3190.0,455.0,3134.0,830.0,3
1700240163,3195.0,458.0,3134.0,830.0,0
1700240163,3199.0,462.0,3134.0,830.0,0
1700240163,3206.0,464.0,3134.0,830.0,0
1700240163,3210.0,467.0,3134.0,830.0,3
1700240163,3212.0,489.0,3134.0,830.0,3
1700240163,3204.0,592.0,3134.0,830.0,3
1700240163,3202.0,713.0,3134.0,830.0,3
1700240163,3199.0,789.0,3134.0,830.0,3
1700240163,3200.0,827.0,3110.0,840.0,3
1700240163,3216.0,852.0,3076.0,855.0,3
1700240163,3227.0,868.0,3059.0,859.0,3
1700240163,3234.0,877.0,3051.0,862.0,3
1700240163,3235.0,882.0,3045.0,863.0,3
1700240163,3236.0,885.0,3037.0,863.0,3
1700240163,3236.0,887.0,3021.0,863.0,3
1700240163,3236.0,888.0,3015.0,863.0,3
1700240163,3237.0,888.0,3012.0,862.0,3
1700240164,3220.0,890.0,2999.0,861.0,3
1700240164,3201.0,892.0,2989.0,860.0,3
1700240164,3186.0,893.0,2987.0,860.0,3
1700240164,3171.0,894.0,2986.0,860.0,3
1700240164,3157.0,897.0,2986.0,860.0,3
1700240164,3147.0,898.0,2986.0,860.0,3
1700240164,3139.0,900.0,2986.0,860.0,3
1700240164,3136.0,901.0,2986.0,860.0,3
1700240164,3133.0,903.0,2985.0,860.0,3
1700240164,3131.0,903.0,2985.0,860.0,3
1700240164,3128.0,904.0,2982.0,860.0,3
1700240164,3127.0,905.0,2978.0,862.0,3
1700240164,3126.0,905.0,2976.0,863.0,3
1700240164,3125.0,906.0,2975.0,863.0,3
1700240164,3124.0,905.0,2975.0,863.0,3
1700240164,3122.0,905.0,2975.0,863.0,0
1700240164,3122.0,905.0,2975.0,863.0,0
1700240164,3122.0,905.0,2975.0,863.0,0
1700240164,3122.0,905.0,2975.0,863.0,3
1700240164,3122.0,905.0,2975.0,863.0,3
1700240164,3122.0,904.0,2974.0,864.0,3
1700240164,3122.0,905.0,2974.0,864.0,3
1700240164,3121.0,905.0,2975.0,867.0,3
1700240164,3120.0,905.0,2983.0,869.0,3
1700240164,3119.0,905.0,3006.0,870.0,3
1700240164,3118.0,906.0,3038.0,874.0,3
1700240164,3117.0,906.0,3102.0,880.0,3
1700240164,3121.0,907.0,3140.0,885.0,3
1700240164,3129.0,907.0,3148.0,887.0,3
1700240164,3142.0,908.0,3148.0,887.0,3
1700240164,3154.0,909.0,3149.0,887.0,3
1700240164,3167.0,910.0,3151.0,887.0,3
1700240164,3176.0,911.0,3152.0,887.0,3
1700240165,3186.0,911.0,3152.0,887.0,3
1700240165,3193.0,925.0,3153.0,887.0,3
1700240165,3156.0,686.0,3150.0,878.0,3
1700240165,3136.0,665.0,3150.0,878.0,3
1700240165,3111.0,629.0,3150.0,878.0,3
1700240165,3088.0,588.0,3150.0,878.0,3
1700240165,3079.0,550.0,3150.0,878.0,3
1700240165,3073.0,520.0,3150.0,878.0,3
1700240165,3073.0,495.0,3150.0,878.0,3
1700240165,3075.0,472.0,3150.0,878.0,3
1700240165,3072.0,466.0,3150.0,878.0,0
1700240165,3061.0,502.0,3150.0,878.0,0
1700240165,3040.0,583.0,3150.0,878.0,0
1700240165,3006.0,722.0,3150.0,878.0,0
1700240166,2979.0,809.0,3150.0,878.0,3
1700240166,2966.0,855.0,3146.0,877.0,3
1700240166,2966.0,881.0,3109.0,893.0,3
1700240166,2966.0,890.0,3056.0,912.0,3
1700240166,2961.0,896.0,3039.0,914.0,3
1700240166,2956.0,908.0,3039.0,914.0,3
1700240166,2951.0,907.0,3034.0,914.0,3
1700240166,2949.0,906.0,3014.0,914.0,3
1700240166,2949.0,906.0,2997.0,914.0,3
1700240166,2948.0,907.0,2994.0,914.0,3
1700240166,2949.0,906.0,2987.0,914.0,3
1700240166,2950.0,906.0,2971.0,914.0,3
1700240166,2951.0,905.0,2965.0,914.0,3
1700240166,2952.0,905.0,2962.0,914.0,3
1700240166,2951.0,905.0,2961.0,914.0,3
1700240166,2952.0,905.0,2961.0,914.0,3
1700240166,2952.0,905.0,2961.0,914.0,3
1700240166,2952.0,905.0,2961.0,914.0,0
1700240166,2952.0,905.0,2961.0,914.0,0
1700240166,2952.0,904.0,2961.0,914.0,0
1700240166,2953.0,904.0,2961.0,914.0,3
1700240166,2953.0,904.0,2961.0,914.0,3
1700240166,2953.0,904.0,2975.0,914.0,3
1700240166,2953.0,904.0,3012.0,917.0,3
1700240166,2953.0,904.0,3092.0,929.0,3
1700240166,2954.0,904.0,3168.0,942.0,3
1700240166,2955.0,904.0,3185.0,945.0,3
1700240166,2955.0,904.0,3185.0,945.0,3
1700240166,2955.0,904.0,3185.0,945.0,3
1700240166,2973.0,909.0,3186.0,948.0,3
1700240166,3013.0,918.0,3187.0,956.0,3
1700240166,3053.0,925.0,3191.0,963.0,3
1700240166,3086.0,931.0,3191.0,963.0,3
1700240167,3110.0,935.0,3191.0,964.0,3
1700240167,3126.0,937.0,3189.0,967.0,3
1700240167,3129.0,930.0,3187.0,968.0,3
1700240167,3128.0,923.0,3184.0,971.0,3
1700240167,3127.0,920.0,3184.0,973.0,3
1700240167,3126.0,917.0,3184.0,977.0,3
1700240167,3126.0,915.0,3186.0,979.0,3
1700240167,3125.0,914.0,3187.0,980.0,3
1700240167,3125.0,913.0,3187.0,980.0,0
1700240167,3125.0,911.0,3187.0,980.0,0
1700240167,3125.0,910.0,3187.0,980.0,0
1700240167,3125.0,909.0,3187.0,980.0,0
1700240167,3125.0,908.0,3187.0,980.0,3
1700240167,3125.0,907.0,3187.0,980.0,3
1700240167,3125.0,907.0,3182.0,971.0,3
1700240167,3125.0,907.0,3161.0,963.0,3
1700240167,3125.0,907.0,3156.0,961.0,3
1700240167,3124.0,907.0,3156.0,961.0,3
1700240167,3124.0,907.0,3156.0,961.0,3
1700240167,3125.0,907.0,3156.0,961.0,3
1700240167,3125.0,906.0,3156.0,961.0,3
1700240167,3125.0,906.0,3156.0,961.0,3
1700240167,3126.0,905.0,3158.0,962.0,3
1700240167,3135.0,903.0,3161.0,963.0,3
1700240167,3194.0,883.0,3165.0,960.0,3
1700240167,3272.0,854.0,3173.0,955.0,3
1700240167,3336.0,828.0,3183.0,951.0,3
1700240169,3394.0,779.0,3478.0,809.0,3
1700240169,3398.0,776.0,3359.0,769.0,3
1700240169,3392.0,769.0,3201.0,709.0,3
1700240169,3333.0,740.0,3078.0,656.0,3
1700240169,3197.0,674.0,3015.0,625.0,3
1700240169,3078.0,610.0,3008.0,620.0,3
1700240169,3008.0,577.0,3008.0,618.0,3
1700240169,2971.0,561.0,3008.0,618.0,3
1700240169,2950.0,554.0,3008.0,618.0,3
1700240169,2940.0,553.0,3008.0,618.0,3
1700240169,2934.0,547.0,3009.0,617.0,3
1700240169,2919.0,537.0,3009.0,617.0,3
1700240169,2887.0,481.0,3009.0,617.0,3
1700240169,2847.0,404.0,3007.0,617.0,3
1700240169,2820.0,360.0,3002.0,617.0,3
1700240169,2806.0,335.0,2996.0,616.0,3
1700240169,2803.0,326.0,2991.0,614.0,3
1700240169,2804.0,315.0,2987.0,611.0,3
1700240169,2799.0,307.0,2986.0,610.0,3
1700240169,2806.0,307.0,2986.0,610.0,0
1700240169,2826.0,307.0,2986.0,610.0,0
1700240169,2841.0,306.0,2986.0,610.0,0
1700240169,2853.0,306.0,2986.0,610.0,3
1700240169,2860.0,306.0,2986.0,610.0,3
1700240169,2866.0,306.0,2986.0,610.0,3
1700240169,2872.0,305.0,2986.0,610.0,3
1700240169,2877.0,305.0,2986.0,610.0,3
1700240169,2882.0,304.0,2986.0,610.0,3
1700240169,2886.0,305.0,2986.0,610.0,3
1700240170,2889.0,305.0,2986.0,610.0,3
1700240170,2892.0,305.0,2986.0,610.0,3
1700240170,2891.0,305.0,2986.0,610.0,3
1700240170,2887.0,306.0,2986.0,610.0,3
1700240170,2882.0,307.0,2986.0,610.0,3
1700240170,2876.0,308.0,2986.0,610.0,3
1700240170,2867.0,311.0,2986.0,610.0,3
1700240170,2860.0,314.0,2986.0,610.0,0
1700240170,2861.0,317.0,2986.0,610.0,0
1700240170,2867.0,319.0,2986.0,610.0,0
1700240170,2871.0,320.0,2986.0,610.0,0
1700240170,2874.0,321.0,2986.0,610.0,3
1700240170,2877.0,324.0,2986.0,610.0,3
1700240170,2880.0,326.0,2986.0,610.0,3
1700240170,2884.0,329.0,2986.0,610.0,3
1700240170,2887.0,332.0,2986.0,610.0,3
1700240170,2889.0,333.0,2986.0,610.0,3
1700240170,2892.0,334.0,2986.0,610.0,3
1700240170,2895.0,335.0,2986.0,610.0,3
1700240170,2891.0,334.0,2986.0,610.0,3
1700240170,2886.0,332.0,2986.0,610.0,3
1700240170,2876.0,328.0,3006.0,610.0,3
1700240170,2862.0,321.0,3119.0,623.0,3
1700240170,2846.0,316.0,3274.0,645.0,3
1700240170,2833.0,311.0,3418.0,670.0,3
1700240170,2822.0,306.0,3502.0,705.0,3
1700240170,2832.0,317.0,3518.0,731.0,3
1700240170,2928.0,387.0,3519.0,749.0,3
1700240170,3201.0,591.0,3519.0,774.0,3
1700240170,3395.0,729.0,3513.0,788.0,3
1700240170,3476.0,789.0,3509.0,790.0,3
1700240170,3507.0,813.0,3503.0,792.0,3
1700240170,3524.0,821.0,3501.0,793.0,3
1700240172,3393.0,776.0,3722.0,805.0,3
1700240172,3391.0,775.0,3722.0,805.0,3
1700240172,3389.0,775.0,3722.0,805.0,3
1700240172,3387.0,774.0,3722.0,805.0,3
1700240172,3385.0,773.0,3722.0,805.0,3
1700240172,3384.0,771.0,3722.0,805.0,3
1700240172,3384.0,765.0,3722.0,805.0,3
1700240172,3383.0,760.0,3722.0,805.0,3
1700240172,3382.0,755.0,3722.0,805.0,3
1700240172,3378.0,752.0,3722.0,805.0,3
1700240172,3373.0,750.0,3722.0,805.0,3
1700240172,3368.0,748.0,3722.0,805.0,3
1700240173,3365.0,746.0,3722.0,805.0,3
1700240173,3361.0,744.0,3722.0,805.0,3
1700240173,3359.0,742.0,3722.0,805.0,3
1700240173,3355.0,742.0,3722.0,805.0,3
1700240174,3359.0,746.0,3722.0,805.0,3
1700240174,3360.0,744.0,3722.0,805.0,3
1700240174,3360.0,744.0,3722.0,805.0,3
1700240174,3361.0,743.0,3722.0,805.0,3
1700240174,3368.0,743.0,3722.0,805.0,3
1700240174,3386.0,742.0,3722.0,805.0,3
1700240174,3408.0,741.0,3722.0,805.0,3
1700240174,3429.0,739.0,3722.0,805.0,3
1700240174,3446.0,736.0,3722.0,805.0,3
1700240174,3459.0,735.0,3722.0,805.0,3
1700240174,3470.0,733.0,3722.0,805.0,3
1700240174,3477.0,732.0,3722.0,805.0,3
1700240174,3482.0,731.0,3722.0,805.0,3
1700240174,3487.0,730.0,3722.0,805.0,3
1700240174,3490.0,730.0,3722.0,805.0,3
1700240174,3494.0,730.0,3722.0,805.0,3
1700240174,3501.0,730.0,3722.0,805.0,3
1700240174,3507.0,731.0,3722.0,805.0,3
1700240174,3512.0,732.0,3722.0,805.0,3
1700240174,3516.0,734.0,3722.0,805.0,3
1700240174,3520.0,734.0,3722.0,805.0,3
1700240174,3522.0,735.0,3722.0,805.0,3
1700240175,3529.0,737.0,3722.0,805.0,3
1700240175,3537.0,738.0,3722.0,805.0,3
1700240175,3543.0,739.0,3722.0,805.0,3
1700240175,3550.0,739.0,3722.0,805.0,3
1700240175,3554.0,740.0,3722.0,805.0,3
1700240175,3558.0,740.0,3722.0,805.0,3
1700240175,3561.0,740.0,3722.0,805.0,3
1700240175,3563.0,740.0,3722.0,805.0,3
1700240175,3565.0,741.0,3722.0,805.0,3
1700240175,3567.0,740.0,3722.0,805.0,3
1700240175,3560.0,742.0,3722.0,805.0,3
1700240175,3549.0,746.0,3722.0,805.0,3
1700240175,3532.0,753.0,3722.0,805.0,3
1700240175,3515.0,758.0,3722.0,805.0,3
1700240175,3499.0,764.0,3722.0,805.0,3
1700240175,3487.0,768.0,3722.0,805.0,3
1700240175,3472.0,772.0,3722.0,805.0,3
1700240175,3458.0,776.0,3722.0,805.0,3
1700240175,3447.0,781.0,3722.0,805.0,3
1700240175,3439.0,785.0,3722.0,805.0,3
1700240175,3432.0,788.0,3722.0,805.0,3
1700240175,3427.0,790.0,3722.0,805.0,3
1700240175,3423.0,790.0,3722.0,805.0,3
1700240175,3422.0,791.0,3722.0,805.0,3
1700240175,3422.0,786.0,3722.0,805.0,3
1700240175,3425.0,780.0,3722.0,805.0,3
1700240175,3427.0,774.0,3722.0,805.0,3
1700240175,3430.0,767.0,3722.0,805.0,3
1700240175,3433.0,760.0,3722.0,805.0,3
1700240175,3435.0,753.0,3722.0,805.0,3
1700240175,3437.0,748.0,3722.0,805.0,3
1700240175,3439.0,742.0,3722.0,805.0,3
1700240175,3441.0,740.0,3722.0,805.0,3
1700240175,3443.0,737.0,3722.0,805.0,3
1700240176,3445.0,735.0,3722.0,805.0,3
1700240176,3445.0,734.0,3722.0,805.0,3
1700240176,3445.0,733.0,3722.0,805.0,3
1700240176,3446.0,732.0,3722.0,805.0,3
1700240176,3446.0,731.0,3722.0,805.0,3
1700240176,3446.0,731.0,3722.0,805.0,3
1700240176,3443.0,732.0,3722.0,805.0,3
1700240176,3387.0,759.0,3722.0,805.0,3
1700240176,3259.0,819.0,3722.0,805.0,3
1700240176,3151.0,868.0,3722.0,805.0,3
1700240176,3081.0,909.0,3722.0,805.0,3
1700240176,3049.0,930.0,3722.0,805.0,3
1700240176,3022.0,948.0,3722.0,805.0,3
1700240176,2989.0,974.0,3722.0,805.0,3
1700240176,2966.0,1004.0,3722.0,805.0,3
1700240176,2955.0,1013.0,3722.0,805.0,3
1700240176,2954.0,1012.0,3722.0,805.0,3
1700240176,2952.0,1014.0,3722.0,805.0,3
1700240176,2950.0,1009.0,3722.0,805.0,3
1700240176,2944.0,1005.0,3722.0,805.0,3
1700240176,2940.0,1003.0,3722.0,805.0,3
1700240176,2937.0,1001.0,3722.0,805.0,3
1700240176,2936.0,999.0,3722.0,805.0,3
1700240176,2936.0,998.0,3722.0,805.0,3
1700240176,2937.0,997.0,3722.0,805.0,3
1700240176,2936.0,996.0,3722.0,805.0,3
1700240176,2936.0,998.0,3722.0,805.0,3
1700240176,2955.0,990.0,3722.0,805.0,3
1700240176,3094.0,928.0,3722.0,805.0,3
1700240176,3252.0,856.0,3722.0,805.0,3
1700240176,3346.0,819.0,3722.0,805.0,3
1700240176,3395.0,799.0,3722.0,805.0,3
1700240176,3420.0,787.0,3722.0,805.0,3
1700240177,3434.0,785.0,3722.0,805.0,3
1700240177,3440.0,781.0,3722.0,805.0,3
1700240177,3444.0,779.0,3722.0,805.0,3
1700240177,3445.0,779.0,3722.0,805.0,3
1700240177,3452.0,784.0,3722.0,805.0,3
1700240177,3456.0,791.0,3722.0,805.0,3
1700240177,3459.0,793.0,3722.0,805.0,3
1700240177,3461.0,795.0,3722.0,805.0,3
1700240177,3463.0,796.0,3722.0,805.0,3
1700240177,3464.0,797.0,3722.0,805.0,3
1700240177,3459.0,798.0,3722.0,805.0,3
1700240177,3455.0,799.0,3722.0,805.0,3
1700240177,3451.0,800.0,3722.0,805.0,3
1700240177,3445.0,802.0,3722.0,805.0,3
1700240177,3438.0,803.0,3722.0,805.0,3
1700240177,3431.0,805.0,3722.0,805.0,3
1700240177,3425.0,805.0,3722.0,805.0,3
1700240177,3413.0,803.0,3722.0,805.0,3
1700240177,3327.0,732.0,3722.0,805.0,3
1700240177,3096.0,531.0,3722.0,805.0,3
1700240177,2939.0,397.0,3722.0,805.0,3
1700240177,2871.0,334.0,3722.0,805.0,3
1700240177,2847.0,304.0,3722.0,805.0,3
1700240177,2836.0,295.0,3722.0,805.0,3
1700240177,2802.0,288.0,3722.0,805.0,3
1700240177,2775.0,279.0,3722.0,805.0,3
1700240177,2762.0,274.0,3722.0,805.0,3
1700240177,2753.0,272.0,3722.0,805.0,3
1700240177,2748.0,271.0,3722.0,805.0,3
1700240177,2744.0,270.0,3722.0,805.0,3
1700240177,2741.0,263.0,3722.0,805.0,3
1700240177,2740.0,256.0,3722.0,805.0,3
1700240177,2739.0,251.0,3722.0,805.0,3
1700240178,2751.0,245.0,3722.0,805.0,3
1700240178,2784.0,250.0,3722.0,805.0,3
1700240179,3276.0,739.0,3722.0,805.0,3
1700240179,3378.0,785.0,3722.0,805.0,3
1700240179,3487.0,823.0,3722.0,805.0,3
1700240179,3550.0,850.0,3722.0,805.0,3
1700240179,3545.0,871.0,3722.0,805.0,3
1700240179,3476.0,892.0,3722.0,805.0,3
1700240179,3437.0,905.0,3722.0,805.0,3
1700240179,3410.0,914.0,3722.0,805.0,3
1700240179,3395.0,918.0,3722.0,805.0,3
1700240179,3386.0,920.0,3722.0,805.0,3
1700240179,3382.0,921.0,3722.0,805.0,3
1700240179,3389.0,916.0,3722.0,805.0,3
1700240179,3395.0,913.0,3722.0,805.0,3
1700240179,3399.0,910.0,3722.0,805.0,3
1700240179,3403.0,908.0,3722.0,805.0,3
1700240180,3406.0,907.0,3722.0,805.0,3
1700240180,3411.0,905.0,3722.0,805.0,3
1700240180,3416.0,903.0,3722.0,805.0,3
1700240180,3421.0,902.0,3722.0,805.0,3
1700240180,3426.0,900.0,3722.0,805.0,3
1700240180,3429.0,899.0,3722.0,805.0,3
1700240180,3424.0,901.0,3722.0,805.0,3
1700240180,3422.0,902.0,3722.0,805.0,3
1700240180,3420.0,902.0,3722.0,805.0,3
1700240180,3418.0,903.0,3722.0,805.0,3
1700240180,3415.0,904.0,3722.0,805.0,3
1700240180,3411.0,905.0,3722.0,805.0,3
1700240180,3408.0,907.0,3722.0,805.0,3
1700240180,3404.0,908.0,3722.0,805.0,3
1700240180,3401.0,910.0,3722.0,805.0,3
1700240180,3357.0,856.0,3722.0,805.0,3
1700240180,3173.0,632.0,3722.0,805.0,3
1700240180,3007.0,455.0,3722.0,805.0,3
1700240180,2937.0,367.0,3722.0,805.0,3
1700240180,2909.0,328.0,3722.0,805.0,3
1700240180,2897.0,315.0,3722.0,805.0,3
1700240180,2894.0,308.0,3722.0,805.0,3
1700240180,2898.0,303.0,3722.0,805.0,3
1700240180,2933.0,290.0,3722.0,805.0,3
1700240180,2959.0,281.0,3722.0,805.0,3
1700240180,2974.0,278.0,3722.0,805.0,3
1700240180,2984.0,275.0,3722.0,805.0,3
1700240180,2992.0,272.0,3722.0,805.0,3
1700240180,2997.0,270.0,3722.0,805.0,3
1700240180,3000.0,268.0,3722.0,805.0,3
1700240180,2999.0,264.0,3722.0,805.0,3
1700240180,2989.0,257.0,3722.0,805.0,3
1700240180,2979.0,249.0,3722.0,805.0,3
1700240181,2972.0,242.0,3722.0,805.0,3
1700240181,2958.0,240.0,3722.0,805.0,3
1700240181,2946.0,239.0,3722.0,805.0,3
1700240181,2937.0,237.0,3722.0,805.0,3
1700240181,2929.0,237.0,3722.0,805.0,3
1700240181,2923.0,237.0,3722.0,805.0,3
1700240181,2923.0,237.0,3722.0,805.0,3
1700240181,2931.0,236.0,3722.0,805.0,3
1700240181,2940.0,234.0,3722.0,805.0,3
1700240181,2948.0,234.0,3722.0,805.0,3
1700240181,2957.0,234.0,3722.0,805.0,3
1700240181,2983.0,232.0,3722.0,805.0,3
1700240181,3117.0,288.0,3722.0,805.0,3
1700240181,3298.0,500.0,3722.0,805.0,3
1700240181,3367.0,690.0,3722.0,805.0,3
1700240181,3395.0,779.0,3722.0,805.0,3
1700240181,3408.0,815.0,3722.0,805.0,3
1700240181,3413.0,833.0,3722.0,805.0,3
1700240181,3419.0,840.0,3722.0,805.0,3
1700240181,3422.0,842.0,3722.0,805.0,3
1700240181,3421.0,846.0,3722.0,805.0,3
1700240181,3419.0,848.0,3722.0,805.0,3
1700240181,3416.0,851.0,3722.0,805.0,3
1700240181,3414.0,854.0,3722.0,805.0,3
1700240181,3413.0,856.0,3722.0,805.0,3
1700240181,3410.0,858.0,3722.0,805.0,3
1700240181,3411.0,876.0,3722.0,805.0,3
1700240181,3413.0,898.0,3722.0,805.0,3
1700240181,3413.0,909.0,3722.0,805.0,3
1700240181,3411.0,922.0,3722.0,805.0,3
1700240181,3409.0,934.0,3722.0,805.0,3
1700240181,3406.0,944.0,3722.0,805.0,3
1700240181,3417.0,940.0,3722.0,805.0,3
1700240182,3418.0,944.0,3722.0,805.0,3
1700240182,3417.0,947.0,3722.0,805.0,3
1700240182,3416.0,949.0,3722.0,805.0,3
1700240182,3415.0,951.0,3722.0,805.0,3
1700240182,3414.0,953.0,3722.0,805.0,3
1700240182,3417.0,954.0,3722.0,805.0,3
1700240182,3422.0,956.0,3722.0,805.0,3
1700240182,3425.0,956.0,3722.0,805.0,3
1700240182,3427.0,956.0,3722.0,805.0,3
1700240182,3429.0,957.0,3722.0,805.0,3
1700240182,3424.0,912.0,3722.0,805.0,3
1700240182,3282.0,690.0,3722.0,805.0,3
1700240182,3168.0,511.0,3722.0,805.0,3
1700240182,3119.0,432.0,3722.0,805.0,3
1700240182,3095.0,408.0,3722.0,805.0,3
1700240182,3079.0,400.0,3722.0,805.0,3
1700240182,3071.0,403.0,3722.0,805.0,3
1700240182,3047.0,410.0,3722.0,805.0,3
1700240182,3009.0,434.0,3722.0,805.0,3
1700240182,3002.0,448.0,3722.0,805.0,3
1700240182,3008.0,454.0,3722.0,805.0,3
1700240182,3001.0,460.0,3722.0,805.0,3
1700240182,3010.0,462.0,3722.0,805.0,3
1700240182,3015.0,464.0,3722.0,805.0,3
1700240182,3017.0,467.0,3722.0,805.0,3
1700240182,3015.0,471.0,3722.0,805.0,3
1700240183,3222.0,748.0,3722.0,805.0,3
1700240183,3261.0,800.0,3722.0,805.0,3
1700240183,3294.0,856.0,3722.0,805.0,3
1700240183,3327.0,901.0,3722.0,805.0,3
1700240183,3346.0,927.0,3722.0,805.0,3
1700240183,3360.0,938.0,3722.0,805.0,3
1700240183,3377.0,959.0,3722.0,805.0,3
1700240183,3390.0,975.0,3722.0,805.0,3
1700240183,3398.0,985.0,3722.0,805.0,3
1700240183,3402.0,991.0,3722.0,805.0,3
1700240183,3407.0,995.0,3722.0,805.0,3
1700240183,3410.0,998.0,3722.0,805.0,3
1700240183,3411.0,999.0,3722.0,805.0,3
1700240183,3413.0,1001.0,3722.0,805.0,3
1700240183,3416.0,1001.0,3722.0,805.0,3
1700240183,3410.0,1003.0,3722.0,805.0,3
1700240183,3405.0,1004.0,3722.0,805.0,3
1700240183,3400.0,1006.0,3722.0,805.0,3
1700240183,3396.0,1006.0,3722.0,805.0,3
1700240183,3391.0,1006.0,3722.0,805.0,3
1700240183,3389.0,1006.0,3722.0,805.0,3
1700240183,3386.0,1005.0,3722.0,805.0,3
1700240183,3385.0,1005.0,3722.0,805.0,3
1700240183,3381.0,1004.0,3722.0,805.0,3
1700240183,3375.0,1003.0,3722.0,805.0,3
1700240183,3366.0,1002.0,3722.0,805.0,3
1700240183,3362.0,1000.0,3722.0,805.0,3
1700240183,3375.0,995.0,3722.0,805.0,3
1700240183,3414.0,983.0,3722.0,805.0,3
1700240183,3442.0,974.0,3722.0,805.0,3
1700240183,3441.0,973.0,3722.0,805.0,3
1700240183,3453.0,969.0,3722.0,805.0,3
1700240183,3584.0,926.0,3722.0,805.0,3
1700240183,3835.0,897.0,3722.0,805.0,3
1700240184,3507.0,890.0,3658.0,984.0,3
1700240184,3497.0,886.0,3658.0,984.0,3
1700240184,3486.0,880.0,3658.0,984.0,3
1700240184,3476.0,875.0,3658.0,984.0,3
1700240184,3468.0,872.0,3658.0,984.0,3
1700240184,3463.0,868.0,3658.0,984.0,3
1700240184,3458.0,866.0,3658.0,984.0,3
1700240184,3456.0,864.0,3658.0,984.0,3
1700240185,3456.0,865.0,3658.0,984.0,0
1700240185,3457.0,868.0,3658.0,984.0,0
1700240185,3458.0,870.0,3658.0,984.0,0
1700240185,3460.0,873.0,3658.0,984.0,0
1700240185,3460.0,875.0,3658.0,984.0,0
