1700241321,983.0,714.0,1155.0,807.0,3
1700241321,1014.0,637.0,1116.0,751.0,3
1700241321,1164.0,137.0,1261.0,159.0,3
1700241321,1225.0,122.0,1265.0,157.0,3
1700241321,1257.0,116.0,1276.0,154.0,3
1700241321,1275.0,111.0,1281.0,151.0,3
1700241321,1284.0,110.0,1296.0,145.0,3
1700241321,1292.0,109.0,1321.0,134.0,3
1700241321,1302.0,104.0,1350.0,121.0,3
1700241321,1308.0,99.0,1377.0,109.0,3
1700241321,1313.0,97.0,1382.0,105.0,3
1700241321,1317.0,94.0,1382.0,105.0,3
1700241321,1318.0,94.0,1382.0,105.0,3
1700241321,1319.0,92.0,1382.0,102.0,3
1700241321,1320.0,91.0,1382.0,100.0,3
1700241321,1321.0,90.0,1377.0,92.0,3
1700241321,1321.0,89.0,1373.0,87.0,3
1700241321,1323.0,87.0,1373.0,87.0,3
1700241321,1324.0,86.0,1373.0,87.0,3
1700241321,1305.0,99.0,1373.0,87.0,3
1700241321,1091.0,274.0,1373.0,87.0,3
1700241321,688.0,637.0,1373.0,87.0,0
1700241321,384.0,889.0,1373.0,87.0,0
1700241321,242.0,984.0,1373.0,87.0,3
1700241321,201.0,1008.0,1373.0,87.0,3
1700241321,195.0,1007.0,1349.0,148.0,3
1700241321,200.0,1004.0,1276.0,342.0,3
1700241321,187.0,1003.0,1196.0,524.0,3
1700241321,180.0,1004.0,1129.0,617.0,3
1700241321,164.0,987.0,1081.0,643.0,3
1700241321,141.0,943.0,1059.0,636.0,3
1700241321,125.0,905.0,1059.0,636.0,3
1700241321,105.0,853.0,1059.0,636.0,3
1700241321,98.0,808.0,1059.0,636.0,3
1700241321,93.0,798.0,1053.0,638.0,3
1700241321,87.0,795.0,1019.0,681.0,3
1700241321,82.0,796.0,930.0,828.0,3
1700241321,77.0,796.0,853.0,950.0,3
1700241321,92.0,797.0,835.0,1007.0,3
1700241321,188.0,845.0,839.0,1025.0,3
1700241321,402.0,935.0,846.0,1036.0,3
1700241321,566.0,1001.0,846.0,1039.0,3
1700241321,651.0,1035.0,846.0,1043.0,3
1700241321,681.0,1060.0,846.0,1043.0,3
1700241321,713.0,1066.0,846.0,1043.0,3
1700241321,716.0,1068.0,845.0,1044.0,3
1700241321,726.0,1069.0,845.0,1044.0,3
1700241321,742.0,1071.0,844.0,1045.0,3
1700241321,753.0,1078.0,844.0,1045.0,3
1700241321,769.0,1079.0,848.0,1045.0,3
1700241321,778.0,1080.0,865.0,1045.0,3
1700241321,783.0,1084.0,868.0,1045.0,3
1700241322,791.0,1083.0,868.0,1045.0,3
1700241322,788.0,1063.0,871.0,1049.0,3
1700241322,796.0,1063.0,872.0,1055.0,3
1700241322,799.0,1066.0,873.0,1057.0,3
1700241322,802.0,1066.0,873.0,1057.0,3
1700241322,803.0,1070.0,867.0,1059.0,3
1700241322,805.0,1073.0,835.0,1065.0,3
1700241322,808.0,1076.0,821.0,1067.0,3
1700241322,808.0,1082.0,816.0,1068.0,3
1700241322,809.0,1083.0,816.0,1068.0,3
1700241322,807.0,1081.0,806.0,1066.0,3
1700241322,804.0,1080.0,794.0,1061.0,3
1700241322,800.0,1082.0,792.0,1061.0,3
1700241322,797.0,1084.0,792.0,1061.0,3
1700241322,795.0,1083.0,792.0,1059.0,3
1700241322,793.0,1086.0,792.0,1059.0,3
1700241322,796.0,1093.0,792.0,1059.0,3
1700241322,793.0,1094.0,781.0,1059.0,3
1700241322,791.0,1098.0,770.0,1059.0,3
1700241322,792.0,1100.0,759.0,1059.0,3
1700241322,788.0,1103.0,757.0,1059.0,3
1700241322,784.0,1106.0,757.0,1059.0,3
1700241322,783.0,1105.0,757.0,1059.0,3
1700241322,782.0,1107.0,757.0,1059.0,0
1700241322,782.0,1108.0,757.0,1059.0,0
1700241322,781.0,1107.0,757.0,1059.0,3
1700241322,762.0,1089.0,758.0,1052.0,3
1700241322,689.0,1027.0,761.0,1032.0,3
1700241322,601.0,944.0,753.0,996.0,3
1700241322,539.0,887.0,710.0,965.0,3
1700241322,501.0,853.0,585.0,932.0,3
1700241322,479.0,835.0,520.0,926.0,3
1700241322,468.0,824.0,455.0,926.0,3
1700241322,464.0,813.0,394.0,920.0,3
1700241322,461.0,805.0,309.0,907.0,3
1700241322,452.0,804.0,248.0,893.0,3
1700241322,381.0,824.0,184.0,872.0,3
1700241322,281.0,846.0,134.0,867.0,3
1700241322,201.0,873.0,92.0,875.0,3
1700241322,151.0,887.0,67.0,889.0,3
1700241322,112.0,900.0,39.0,904.0,3
1700241322,87.0,909.0,27.0,915.0,3
1700241322,73.0,916.0,15.0,932.0,3
1700241322,55.0,931.0,10.0,941.0,3
1700241322,50.0,947.0,10.0,943.0,3
1700241322,46.0,959.0,9.0,947.0,3
1700241322,43.0,964.0,9.0,948.0,3
1700241322,38.0,968.0,9.0,948.0,3
1700241322,34.0,974.0,9.0,948.0,3
1700241322,33.0,977.0,9.0,948.0,3
1700241322,30.0,978.0,9.0,948.0,3
1700241322,29.0,976.0,9.0,948.0,3
1700241322,29.0,973.0,18.0,943.0,3
1700241322,30.0,972.0,19.0,942.0,3
1700241322,30.0,970.0,19.0,942.0,3
1700241322,30.0,967.0,19.0,942.0,3
1700241322,32.0,966.0,19.0,942.0,0
1700241322,32.0,966.0,19.0,941.0,0
1700241322,33.0,966.0,19.0,941.0,0
1700241322,33.0,965.0,20.0,940.0,3
1700241322,33.0,965.0,28.0,937.0,3
1700241322,34.0,965.0,29.0,939.0,3
1700241322,35.0,964.0,29.0,939.0,3
1700241322,37.0,964.0,29.0,939.0,3
1700241322,37.0,963.0,44.0,943.0,3
1700241322,38.0,963.0,158.0,914.0,3
1700241322,48.0,961.0,331.0,820.0,3
1700241322,48.0,961.0,593.0,646.0,3
1700241322,46.0,962.0,843.0,501.0,3
1700241322,52.0,961.0,979.0,490.0,3
1700241322,212.0,915.0,983.0,494.0,3
1700241322,443.0,765.0,983.0,494.0,3
1700241322,873.0,452.0,983.0,494.0,3
1700241322,1261.0,198.0,998.0,494.0,3
1700241322,1435.0,119.0,1183.0,417.0,3
1700241322,1484.0,91.0,1402.0,276.0,3
1700241322,1509.0,82.0,1539.0,174.0,3
1700241322,1521.0,82.0,1631.0,111.0,3
1700241322,1529.0,81.0,1644.0,88.0,3
1700241322,1532.0,81.0,1644.0,73.0,3
1700241322,1601.0,72.0,1644.0,63.0,3
1700241322,1689.0,58.0,1665.0,46.0,3
1700241322,1741.0,50.0,1677.0,31.0,3
1700241322,1771.0,46.0,1678.0,28.0,3
1700241322,1784.0,40.0,1679.0,27.0,3
1700241322,1797.0,34.0,1687.0,22.0,3
1700241322,1805.0,31.0,1696.0,19.0,3
1700241322,1811.0,29.0,1717.0,11.0,3
1700241322,1807.0,29.0,1734.0,5.0,3
1700241322,1802.0,29.0,1741.0,1.0,3
1700241322,1800.0,29.0,1750.0,0.0,3
1700241322,1798.0,27.0,1755.0,0.0,3
1700241322,1797.0,26.0,1760.0,0.0,3
1700241322,1797.0,26.0,1767.0,0.0,3
1700241322,1796.0,26.0,1773.0,0.0,3
1700241322,1796.0,25.0,1778.0,0.0,3
1700241322,1795.0,24.0,1785.0,0.0,3
1700241322,1795.0,23.0,1793.0,0.0,3
1700241322,1794.0,22.0,1805.0,3.0,3
1700241322,1793.0,22.0,1807.0,4.0,3
1700241322,1793.0,22.0,1811.0,4.0,3
1700241322,1793.0,22.0,1812.0,4.0,3
1700241322,1792.0,21.0,1813.0,4.0,3
1700241322,1792.0,21.0,1813.0,4.0,3
1700241322,1792.0,20.0,1813.0,4.0,0
1700241322,1792.0,20.0,1813.0,4.0,0
1700241322,1787.0,25.0,1813.0,4.0,3
1700241322,1734.0,78.0,1813.0,4.0,3
1700241322,1652.0,162.0,1813.0,4.0,3
1700241322,1591.0,222.0,1813.0,4.0,3
1700241322,1555.0,257.0,1810.0,8.0,3
1700241322,1533.0,274.0,1784.0,35.0,3
1700241322,1519.0,285.0,1741.0,111.0,3
1700241322,1513.0,292.0,1694.0,251.0,3
1700241322,1510.0,298.0,1645.0,401.0,3
1700241322,1508.0,300.0,1613.0,493.0,3
1700241322,1508.0,302.0,1608.0,516.0,3
1700241322,1510.0,315.0,1605.0,498.0,3
1700241322,1698.0,1069.0,1615.0,847.0,3
1700241322,1733.0,1073.0,1588.0,812.0,3
1700241322,1765.0,1085.0,1561.0,788.0,3
1700241322,1786.0,1090.0,1561.0,788.0,3
1700241322,1818.0,1092.0,1561.0,788.0,3
1700241322,1840.0,1096.0,1561.0,788.0,3
1700241322,1771.0,1101.0,1561.0,788.0,3
1700241322,2224.0,668.0,1539.0,622.0,3
1700241322,2223.0,668.0,1539.0,622.0,3
1700241322,2221.0,667.0,1539.0,622.0,3
1700241322,2219.0,667.0,1538.0,621.0,3
1700241322,2217.0,665.0,1520.0,639.0,3
1700241322,2214.0,664.0,1511.0,666.0,3
1700241322,2212.0,663.0,1514.0,691.0,3
1700241322,2208.0,663.0,1525.0,692.0,3
1700241322,2202.0,660.0,1528.0,683.0,3
1700241322,2195.0,656.0,1528.0,681.0,3
1700241322,2187.0,653.0,1528.0,681.0,3
1700241322,2184.0,652.0,1528.0,681.0,3
1700241322,2183.0,648.0,1528.0,681.0,3
1700241322,2180.0,638.0,1529.0,682.0,3
1700241322,2178.0,632.0,1529.0,682.0,3
1700241322,2171.0,623.0,1524.0,693.0,3
1700241322,2169.0,618.0,1515.0,750.0,3
1700241322,2172.0,622.0,1514.0,797.0,3
1700241322,2173.0,625.0,1527.0,823.0,3
1700241322,2172.0,627.0,1531.0,829.0,3
1700241322,2170.0,628.0,1533.0,829.0,3
1700241322,2166.0,629.0,1544.0,820.0,3
1700241322,2165.0,631.0,1547.0,783.0,3
1700241322,2163.0,631.0,1524.0,752.0,3
1700241322,2159.0,629.0,1450.0,733.0,3
1700241322,2150.0,628.0,1382.0,743.0,3
1700241322,2143.0,624.0,1368.0,773.0,3
1700241322,2142.0,627.0,1379.0,802.0,3
1700241322,2138.0,627.0,1426.0,828.0,3
1700241322,2136.0,625.0,1468.0,831.0,3
1700241322,2133.0,624.0,1496.0,817.0,3
1700241322,2129.0,623.0,1496.0,784.0,3
1700241322,2249.0,176.0,2180.0,247.0,3
1700241322,2246.0,179.0,2153.0,218.0,3
1700241322,2244.0,180.0,2147.0,214.0,3
1700241322,2246.0,179.0,2147.0,214.0,3
1700241322,2247.0,178.0,2145.0,214.0,3
1700241322,2246.0,179.0,2132.0,214.0,3
1700241322,2244.0,181.0,2114.0,209.0,3
1700241322,2243.0,183.0,2100.0,199.0,3
1700241322,2264.0,179.0,2091.0,190.0,3
1700241322,2202.0,239.0,2088.0,186.0,3
1700241322,2041.0,511.0,2086.0,184.0,3
1700241322,1751.0,1162.0,2085.0,183.0,3
1700241322,2069.0,134.0,2052.0,164.0,3
1700241322,2067.0,130.0,2052.0,164.0,3
1700241322,2141.0,103.0,2052.0,164.0,3
1700241322,2328.0,53.0,2056.0,174.0,3
1700241322,2485.0,25.0,2097.0,177.0,3
1700241322,2577.0,-11.0,2192.0,192.0,3
1700241324,3265.0,107.0,3508.0,144.0,3
1700241324,3306.0,98.0,3508.0,144.0,3
1700241324,3353.0,93.0,3508.0,144.0,3
1700241324,3389.0,93.0,3508.0,144.0,3
1700241324,3413.0,96.0,3508.0,144.0,3
1700241324,3427.0,99.0,3508.0,144.0,3
1700241326,3393.0,125.0,3565.0,198.0,3
1700241326,3408.0,128.0,3568.0,198.0,3
1700241326,3440.0,134.0,3568.0,198.0,0
1700241326,3472.0,142.0,3568.0,198.0,0
1700241326,3502.0,149.0,3568.0,198.0,0
1700241326,3522.0,156.0,3568.0,198.0,0
1700241326,3537.0,161.0,3568.0,198.0,3
1700241326,3545.0,168.0,3568.0,198.0,3
1700241326,3551.0,172.0,3568.0,198.0,3
1700241326,3557.0,175.0,3568.0,198.0,3
1700241326,3553.0,178.0,3568.0,198.0,3
1700241326,3545.0,182.0,3571.0,198.0,3
1700241326,3538.0,185.0,3572.0,198.0,3
1700241326,3533.0,187.0,3572.0,198.0,3
1700241326,3528.0,188.0,3572.0,198.0,3
1700241326,3524.0,190.0,3572.0,198.0,3
1700241326,3519.0,191.0,3572.0,198.0,3
1700241326,3516.0,192.0,3572.0,198.0,3
1700241326,3514.0,193.0,3572.0,198.0,3
1700241326,3512.0,193.0,3572.0,198.0,3
1700241326,3510.0,194.0,3573.0,198.0,3
1700241326,3509.0,195.0,3577.0,196.0,3
1700241327,3508.0,196.0,3578.0,195.0,3
1700241327,3507.0,196.0,3581.0,194.0,3
1700241327,3507.0,197.0,3581.0,194.0,3
1700241327,3506.0,198.0,3581.0,194.0,3
1700241327,3505.0,199.0,3581.0,194.0,3
1700241327,3504.0,201.0,3581.0,194.0,3
1700241327,3503.0,202.0,3580.0,195.0,3
1700241327,3502.0,203.0,3580.0,195.0,3
1700241327,3502.0,205.0,3580.0,195.0,3
1700241327,3501.0,206.0,3581.0,196.0,3
1700241327,3500.0,208.0,3592.0,193.0,3
1700241327,3500.0,210.0,3606.0,181.0,3
1700241327,3499.0,211.0,3621.0,170.0,3
1700241327,3502.0,211.0,3627.0,164.0,3
1700241327,3507.0,209.0,3628.0,163.0,3
1700241327,3513.0,207.0,3629.0,162.0,3
1700241327,3519.0,204.0,3629.0,162.0,3
1700241327,3527.0,201.0,3630.0,161.0,3
1700241327,3533.0,198.0,3631.0,161.0,3
1700241327,3539.0,196.0,3631.0,161.0,3
1700241327,3544.0,195.0,3631.0,161.0,3
1700241327,3550.0,194.0,3631.0,161.0,0
1700241327,3557.0,192.0,3631.0,161.0,0
1700241327,3562.0,192.0,3631.0,161.0,0
1700241327,3566.0,192.0,3631.0,161.0,3
1700241327,3569.0,192.0,3631.0,161.0,3
1700241327,3572.0,191.0,3631.0,161.0,3
1700241327,3575.0,190.0,3629.0,166.0,3
1700241327,3576.0,190.0,3626.0,165.0,3
1700241327,3578.0,190.0,3626.0,162.0,3
1700241327,3579.0,191.0,3626.0,162.0,3
1700241327,3580.0,190.0,3626.0,162.0,3
1700241327,3581.0,190.0,3626.0,161.0,3
1700241328,3582.0,190.0,3626.0,161.0,3
1700241328,3583.0,190.0,3626.0,161.0,3
1700241328,3584.0,190.0,3626.0,161.0,3
1700241328,3581.0,189.0,3631.0,160.0,3
1700241328,3524.0,177.0,3641.0,158.0,3
1700241328,3268.0,134.0,3647.0,156.0,3
1700241328,2976.0,90.0,3663.0,156.0,3
1700241328,2823.0,64.0,3672.0,155.0,3
1700241328,2755.0,53.0,3672.0,155.0,3
1700241329,2349.0,335.0,2305.0,428.0,3
1700241329,2340.0,340.0,2305.0,428.0,3
1700241329,2329.0,346.0,2305.0,428.0,3
1700241329,2319.0,350.0,2305.0,428.0,3
1700241330,2309.0,355.0,2305.0,428.0,3
1700241330,2302.0,359.0,2305.0,428.0,3
1700241330,2279.0,375.0,2305.0,428.0,3
1700241330,2239.0,398.0,2305.0,428.0,3
1700241330,2202.0,421.0,2305.0,428.0,3
1700241330,2180.0,436.0,2305.0,428.0,3
1700241330,2164.0,443.0,2305.0,428.0,3
1700241330,2152.0,448.0,2247.0,428.0,3
1700241330,2145.0,450.0,2187.0,441.0,3
1700241330,2140.0,453.0,2146.0,458.0,3
1700241330,2133.0,457.0,2120.0,481.0,3
1700241330,2127.0,461.0,2118.0,496.0,3
1700241330,2122.0,462.0,2121.0,501.0,3
1700241330,2119.0,463.0,2125.0,501.0,3
1700241330,2117.0,465.0,2127.0,500.0,3
1700241330,2115.0,465.0,2125.0,495.0,3
1700241330,2086.0,470.0,2056.0,485.0,3
1700241331,1419.0,446.0,1441.0,500.0,0
1700241331,1419.0,446.0,1441.0,500.0,0
1700241331,1419.0,446.0,1441.0,500.0,3
1700241331,1419.0,445.0,1441.0,500.0,3
1700241331,1419.0,445.0,1441.0,500.0,3
1700241331,1419.0,446.0,1441.0,500.0,3
1700241331,1419.0,446.0,1441.0,500.0,3
1700241331,1419.0,446.0,1442.0,499.0,3
1700241331,1419.0,446.0,1446.0,496.0,3
1700241331,1418.0,446.0,1452.0,492.0,3
1700241331,1383.0,436.0,1460.0,488.0,3
1700241331,1149.0,376.0,1461.0,488.0,3
1700241331,845.0,309.0,1461.0,488.0,3
1700241331,698.0,252.0,1461.0,488.0,3
1700241331,613.0,230.0,1461.0,488.0,3
1700241331,567.0,225.0,1461.0,488.0,3
1700241332,548.0,228.0,1461.0,488.0,3
1700241332,518.0,235.0,1461.0,488.0,3
1700241332,487.0,243.0,1461.0,488.0,3
1700241332,467.0,245.0,1460.0,488.0,3
1700241332,457.0,245.0,1457.0,491.0,3
1700241332,452.0,247.0,1452.0,493.0,3
1700241332,436.0,250.0,1450.0,495.0,3
1700241332,423.0,252.0,1448.0,497.0,3
1700241332,413.0,255.0,1446.0,498.0,3
1700241332,407.0,259.0,1446.0,498.0,3
1700241332,426.0,259.0,1446.0,498.0,3
1700241332,547.0,275.0,1473.0,498.0,3
1700241332,966.0,359.0,1578.0,506.0,3
1700241332,1344.0,432.0,1638.0,514.0,3
1700241332,1514.0,464.0,1655.0,517.0,3
1700241332,1577.0,480.0,1655.0,517.0,3
1700241332,1601.0,487.0,1655.0,517.0,3
1700241332,1612.0,486.0,1655.0,517.0,3
1700241332,1614.0,488.0,1655.0,517.0,3
1700241332,1616.0,482.0,1656.0,517.0,3
1700241332,1617.0,477.0,1657.0,517.0,3
1700241332,1619.0,473.0,1657.0,517.0,3
1700241332,1622.0,471.0,1657.0,517.0,0
1700241332,1622.0,469.0,1657.0,517.0,0
1700241332,1622.0,468.0,1657.0,517.0,0
1700241332,1622.0,467.0,1657.0,517.0,0
1700241332,1621.0,467.0,1657.0,517.0,3
1700241332,1621.0,467.0,1657.0,517.0,3
1700241332,1622.0,467.0,1657.0,517.0,3
1700241332,1622.0,468.0,1657.0,517.0,3
1700241332,1622.0,469.0,1656.0,517.0,3
1700241332,1623.0,469.0,1649.0,515.0,3
1700241332,1623.0,470.0,1645.0,512.0,3
1700241333,1623.0,470.0,1645.0,511.0,3
1700241333,1384.0,525.0,1406.0,641.0,3
1700241333,1410.0,528.0,1406.0,641.0,3
1700241333,1420.0,530.0,1405.0,641.0,3
1700241333,1410.0,552.0,1405.0,641.0,3
1700241333,1402.0,571.0,1405.0,641.0,3
1700241333,1398.0,580.0,1405.0,641.0,3
1700241333,1396.0,585.0,1404.0,642.0,3
1700241333,1395.0,589.0,1405.0,642.0,3
1700241333,1395.0,592.0,1406.0,641.0,0
1700241333,1399.0,593.0,1406.0,641.0,0
1700241333,1404.0,595.0,1406.0,641.0,0
1700241333,1408.0,597.0,1406.0,641.0,0
1700241333,1410.0,600.0,1406.0,641.0,3
1700241333,1411.0,601.0,1406.0,641.0,3
1700241333,1412.0,602.0,1406.0,641.0,3
1700241333,1414.0,603.0,1406.0,641.0,3
1700241334,1415.0,603.0,1406.0,641.0,3
1700241334,1416.0,603.0,1406.0,641.0,3
1700241334,1387.0,590.0,1406.0,641.0,3
1700241334,1121.0,500.0,1406.0,641.0,3
1700241334,767.0,399.0,1406.0,641.0,3
1700241334,576.0,345.0,1406.0,641.0,3
1700241334,498.0,324.0,1406.0,641.0,3
1700241334,464.0,314.0,1406.0,641.0,3
1700241334,451.0,306.0,1412.0,641.0,3
1700241334,445.0,305.0,1436.0,639.0,3
1700241334,440.0,304.0,1509.0,635.0,3
1700241334,432.0,309.0,1580.0,634.0,3
1700241334,425.0,315.0,1627.0,634.0,3
1700241334,433.0,317.0,1651.0,634.0,3
1700241334,515.0,331.0,1654.0,636.0,3
1700241334,922.0,431.0,1658.0,639.0,3
1700241334,1166.0,504.0,1663.0,644.0,3
1700241334,1464.0,568.0,1667.0,646.0,3
1700241334,1581.0,602.0,1667.0,646.0,3
1700241334,1634.0,624.0,1667.0,646.0,3
1700241334,1660.0,635.0,1668.0,647.0,3
1700241334,1669.0,643.0,1668.0,647.0,3
1700241334,1657.0,639.0,1668.0,647.0,3
1700241334,1647.0,636.0,1668.0,647.0,0
1700241334,1643.0,635.0,1668.0,647.0,0
1700241334,1641.0,633.0,1668.0,647.0,0
1700241334,1639.0,633.0,1668.0,647.0,0
1700241334,1638.0,633.0,1668.0,647.0,0
1700241334,1636.0,632.0,1668.0,647.0,3
1700241334,1635.0,632.0,1668.0,647.0,3
1700241334,1634.0,631.0,1668.0,647.0,3
1700241334,1634.0,630.0,1668.0,647.0,3
1700241334,1634.0,630.0,1668.0,647.0,3
1700241335,1634.0,630.0,1668.0,647.0,3
1700241335,1634.0,630.0,1668.0,647.0,3
1700241335,1633.0,630.0,1668.0,647.0,3
1700241335,1633.0,630.0,1668.0,647.0,3
1700241335,1634.0,629.0,1668.0,647.0,3
1700241335,1634.0,628.0,1668.0,647.0,3
1700241335,1633.0,627.0,1668.0,647.0,3
1700241335,1633.0,626.0,1668.0,647.0,3
1700241335,1635.0,623.0,1668.0,647.0,3
1700241335,1637.0,619.0,1668.0,647.0,3
1700241335,1639.0,617.0,1668.0,647.0,3
1700241335,1641.0,615.0,1668.0,647.0,3
1700241335,1643.0,613.0,1668.0,647.0,3
1700241335,1608.0,580.0,1668.0,647.0,3
1700241335,1350.0,502.0,1668.0,647.0,3
1700241335,884.0,370.0,1668.0,647.0,3
1700241335,595.0,297.0,1668.0,647.0,3
1700241335,480.0,262.0,1668.0,647.0,3
1700241335,437.0,255.0,1666.0,647.0,3
1700241335,420.0,252.0,1665.0,647.0,3
1700241335,414.0,248.0,1665.0,647.0,3
1700241335,407.0,260.0,1665.0,647.0,3
1700241335,402.0,267.0,1665.0,647.0,3
1700241335,399.0,272.0,1665.0,647.0,3
1700241335,399.0,275.0,1665.0,647.0,3
1700241335,397.0,276.0,1665.0,647.0,3
1700241335,394.0,278.0,1665.0,647.0,3
1700241335,392.0,279.0,1665.0,647.0,3
1700241335,391.0,279.0,1665.0,647.0,3
1700241335,391.0,278.0,1665.0,647.0,3
1700241335,390.0,278.0,1665.0,647.0,3
1700241335,390.0,277.0,1665.0,647.0,3
1700241335,390.0,278.0,1665.0,647.0,3
1700241336,390.0,278.0,1665.0,647.0,3
1700241336,390.0,278.0,1665.0,647.0,3
1700241336,390.0,278.0,1665.0,647.0,3
1700241336,390.0,278.0,1665.0,647.0,3
1700241336,390.0,278.0,1665.0,647.0,3
1700241336,391.0,278.0,1665.0,647.0,3
1700241336,391.0,279.0,1665.0,647.0,3
1700241336,391.0,279.0,1665.0,647.0,3
1700241336,392.0,279.0,1665.0,647.0,3
1700241336,392.0,279.0,1665.0,647.0,3
1700241336,392.0,279.0,1665.0,647.0,3
1700241336,392.0,279.0,1665.0,647.0,3
1700241336,393.0,280.0,1665.0,647.0,3
1700241336,395.0,280.0,1665.0,647.0,3
1700241336,422.0,277.0,1665.0,647.0,3
1700241336,521.0,272.0,1665.0,647.0,3
1700241336,640.0,268.0,1665.0,647.0,3
1700241336,724.0,263.0,1665.0,647.0,3
1700241336,772.0,261.0,1665.0,647.0,3
1700241336,802.0,262.0,1665.0,647.0,3
1700241336,819.0,261.0,1665.0,647.0,3
1700241336,829.0,263.0,1665.0,647.0,3
1700241336,812.0,266.0,1665.0,647.0,3
1700241336,792.0,268.0,1665.0,647.0,3
1700241336,782.0,268.0,1665.0,647.0,3
1700241336,778.0,270.0,1665.0,647.0,3
1700241336,774.0,269.0,1665.0,647.0,3
1700241337,720.0,273.0,1665.0,647.0,3
1700241337,961.0,317.0,1665.0,647.0,3
1700241337,1476.0,433.0,1665.0,647.0,3
1700241337,1945.0,543.0,1664.0,647.0,3
1700241337,2149.0,595.0,1754.0,656.0,3
1700241337,2204.0,627.0,1866.0,672.0,3
1700241337,2238.0,631.0,1942.0,676.0,3
1700241337,2265.0,620.0,1944.0,676.0,3
1700241337,2215.0,662.0,1944.0,676.0,3
1700241337,2280.0,618.0,1915.0,684.0,3
1700241337,2220.0,630.0,1921.0,692.0,3
1700241337,2219.0,607.0,2038.0,670.0,3
1700241337,2217.0,591.0,2191.0,640.0,3
1700241337,2213.0,585.0,2268.0,610.0,3
1700241337,2251.0,566.0,2326.0,585.0,3
1700241337,2244.0,561.0,2336.0,575.0,3
1700241337,2240.0,558.0,2336.0,566.0,3
1700241337,2226.0,555.0,2331.0,557.0,3
1700241337,2210.0,551.0,2303.0,548.0,3
1700241337,2203.0,549.0,2256.0,539.0,3
1700241337,2194.0,543.0,2211.0,529.0,3
1700241337,2187.0,535.0,2187.0,524.0,3
1700241337,2181.0,526.0,2185.0,524.0,3
1700241337,2097.0,548.0,2181.0,520.0,3
1700241337,2103.0,544.0,2174.0,511.0,3
1700241337,2110.0,538.0,2166.0,499.0,3
1700241337,2114.0,534.0,2160.0,490.0,3
1700241337,2121.0,530.0,2157.0,485.0,3
1700241337,2126.0,522.0,2150.0,483.0,3
1700241337,2133.0,517.0,2148.0,481.0,3
1700241337,2134.0,512.0,2148.0,481.0,3
1700241338,2142.0,509.0,2148.0,481.0,3
1700241338,2148.0,504.0,2148.0,481.0,3
1700241338,2153.0,507.0,2148.0,481.0,3
1700241338,2159.0,504.0,2148.0,481.0,0
1700241338,2165.0,501.0,2148.0,481.0,0
1700241338,2169.0,496.0,2148.0,481.0,0
1700241338,2174.0,494.0,2148.0,481.0,0
1700241338,2178.0,493.0,2148.0,481.0,3
1700241338,2181.0,497.0,2148.0,481.0,3
1700241338,2182.0,500.0,2148.0,481.0,3
1700241338,2181.0,500.0,2148.0,481.0,3
1700241338,2181.0,500.0,2148.0,481.0,3
1700241338,2181.0,499.0,2148.0,481.0,3
1700241338,2180.0,498.0,2148.0,481.0,3
1700241338,2178.0,497.0,2148.0,481.0,3
1700241338,2177.0,498.0,2148.0,481.0,3
1700241338,2176.0,497.0,2148.0,481.0,3
1700241338,2176.0,497.0,2148.0,481.0,3
1700241338,2176.0,496.0,2148.0,481.0,3
1700241338,2176.0,497.0,2148.0,481.0,3
1700241338,2177.0,496.0,2150.0,481.0,3
1700241338,2177.0,496.0,2171.0,493.0,3
1700241338,2183.0,498.0,2223.0,523.0,3
1700241338,2192.0,513.0,2257.0,537.0,3
1700241338,2327.0,552.0,2304.0,556.0,3
1700241338,2374.0,544.0,2321.0,562.0,3
1700241338,2366.0,544.0,2343.0,570.0,3
1700241338,2363.0,544.0,2358.0,577.0,3
1700241338,2374.0,543.0,2361.0,579.0,3
1700241338,2400.0,540.0,2368.0,592.0,3
1700241339,2396.0,547.0,2384.0,613.0,3
1700241339,2406.0,553.0,2395.0,624.0,3
1700241339,2400.0,562.0,2396.0,626.0,3
1700241339,2395.0,569.0,2396.0,627.0,3
1700241339,2389.0,574.0,2396.0,627.0,3
1700241339,2383.0,578.0,2396.0,627.0,3
1700241339,2380.0,575.0,2396.0,627.0,3
1700241339,2377.0,571.0,2396.0,627.0,3
1700241339,2358.0,564.0,2396.0,627.0,3
1700241339,2338.0,553.0,2396.0,627.0,3
1700241339,2333.0,543.0,2396.0,627.0,3
1700241339,2328.0,538.0,2396.0,627.0,3
1700241339,2326.0,536.0,2396.0,627.0,3
1700241339,2321.0,535.0,2396.0,627.0,3
1700241339,2308.0,536.0,2396.0,627.0,3
1700241339,2297.0,535.0,2396.0,627.0,3
1700241339,2287.0,534.0,2396.0,627.0,3
1700241339,2277.0,534.0,2396.0,627.0,3
1700241339,2270.0,534.0,2396.0,627.0,3
1700241339,2265.0,534.0,2396.0,627.0,3
1700241339,2245.0,533.0,2396.0,627.0,3
1700241339,2216.0,529.0,2396.0,627.0,3
1700241339,2203.0,526.0,2396.0,627.0,3
1700241339,2205.0,524.0,2396.0,627.0,3
1700241339,2215.0,521.0,2396.0,627.0,3
1700241339,2231.0,520.0,2396.0,627.0,3
1700241339,2252.0,521.0,2396.0,627.0,3
1700241339,2283.0,526.0,2396.0,627.0,3
1700241339,2448.0,528.0,2396.0,627.0,3
1700241339,2615.0,541.0,2396.0,627.0,3
1700241339,2562.0,599.0,2396.0,627.0,3
1700241340,2593.0,728.0,2396.0,627.0,3
1700241340,2585.0,731.0,2396.0,627.0,3
1700241340,2574.0,730.0,2396.0,627.0,3
1700241340,2564.0,728.0,2396.0,627.0,3
1700241340,2553.0,725.0,2396.0,627.0,3
1700241340,2555.0,721.0,2396.0,627.0,3
1700241340,2569.0,716.0,2396.0,627.0,3
1700241340,2579.0,715.0,2396.0,627.0,3
1700241340,2591.0,712.0,2396.0,627.0,3
1700241340,2604.0,710.0,2396.0,627.0,3
1700241340,2617.0,711.0,2396.0,627.0,3
1700241340,2629.0,715.0,2396.0,627.0,3
1700241341,2640.0,717.0,2396.0,635.0,3
1700241341,2648.0,720.0,2391.0,643.0,3
1700241341,2653.0,724.0,2390.0,643.0,3
1700241341,2651.0,727.0,2390.0,643.0,3
1700241341,2649.0,727.0,2390.0,643.0,3
1700241341,2650.0,728.0,2390.0,643.0,3
1700241341,2653.0,729.0,2390.0,643.0,3
1700241341,2655.0,729.0,2390.0,643.0,3
1700241341,2657.0,730.0,2390.0,643.0,3
1700241341,2659.0,732.0,2389.0,643.0,3
1700241341,2657.0,733.0,2389.0,643.0,3
1700241341,2647.0,735.0,2389.0,643.0,3
1700241341,2636.0,735.0,2393.0,635.0,3
1700241341,2629.0,734.0,2394.0,633.0,3
1700241341,2633.0,730.0,2394.0,633.0,3
1700241341,2644.0,724.0,2394.0,633.0,3
1700241341,2650.0,720.0,2394.0,633.0,3
1700241341,2952.0,640.0,2418.0,621.0,3
1700241341,3189.0,546.0,2532.0,591.0,3
1700241341,3477.0,494.0,2697.0,573.0,3
1700241341,3561.0,480.0,2963.0,573.0,3
1700241341,3572.0,483.0,3161.0,571.0,3
1700241342,3288.0,546.0,3578.0,403.0,3
1700241342,3283.0,547.0,3578.0,403.0,3
1700241342,3276.0,545.0,3578.0,403.0,3
1700241342,3271.0,541.0,3534.0,412.0,3
1700241342,3273.0,532.0,3454.0,432.0,3
1700241342,3278.0,520.0,3411.0,448.0,3
1700241342,3285.0,503.0,3326.0,483.0,3
1700241342,3293.0,488.0,3213.0,527.0,3
1700241342,3293.0,474.0,3080.0,566.0,3
1700241342,3280.0,482.0,3020.0,589.0,3
1700241342,3232.0,514.0,2996.0,600.0,3
1700241342,3159.0,540.0,2993.0,606.0,3
1700241342,3075.0,573.0,2993.0,608.0,3
1700241342,3021.0,596.0,2991.0,611.0,3
1700241342,2997.0,606.0,2991.0,611.0,3
1700241342,2961.0,616.0,2991.0,611.0,3
1700241343,2946.0,620.0,2991.0,611.0,3
1700241343,2954.0,621.0,2996.0,612.0,3
1700241343,2950.0,601.0,2998.0,612.0,3
1700241343,2901.0,539.0,2998.0,612.0,3
1700241343,2841.0,459.0,2998.0,612.0,3
1700241343,2821.0,404.0,2998.0,612.0,0
1700241343,2827.0,369.0,2998.0,612.0,0
1700241343,2849.0,353.0,2998.0,612.0,0
1700241343,2891.0,340.0,2998.0,612.0,3
1700241343,2902.0,338.0,2998.0,612.0,3
1700241343,2881.0,346.0,2998.0,612.0,3
1700241343,2853.0,353.0,2998.0,612.0,3
1700241343,2831.0,357.0,2998.0,612.0,3
1700241343,2814.0,357.0,2998.0,612.0,3
1700241343,2800.0,357.0,2998.0,612.0,3
1700241343,2797.0,352.0,2998.0,612.0,3
1700241343,2813.0,352.0,2998.0,612.0,3
1700241343,2826.0,355.0,2998.0,612.0,3
1700241343,2841.0,357.0,2998.0,612.0,3
1700241343,2857.0,361.0,2998.0,612.0,3
1700241343,2871.0,367.0,2998.0,612.0,3
1700241343,2876.0,374.0,2998.0,612.0,3
1700241343,2870.0,380.0,2998.0,612.0,3
1700241343,2861.0,384.0,2998.0,612.0,3
1700241343,2853.0,387.0,2998.0,612.0,3
1700241343,2851.0,387.0,2998.0,612.0,3
1700241343,2834.0,391.0,2998.0,612.0,3
1700241343,2812.0,391.0,2998.0,612.0,3
1700241343,2793.0,387.0,3016.0,605.0,3
1700241343,2796.0,386.0,3089.0,566.0,3
1700241343,2839.0,387.0,3268.0,494.0,3
1700241343,3026.0,397.0,3454.0,454.0,3
1700241343,3224.0,410.0,3555.0,451.0,3
1700241343,3348.0,418.0,3557.0,451.0,3
1700241344,3415.0,421.0,3554.0,452.0,3
1700241344,3450.0,420.0,3554.0,452.0,3
1700241344,3468.0,419.0,3554.0,452.0,3
1700241344,3478.0,417.0,3554.0,452.0,3
1700241344,3486.0,415.0,3554.0,452.0,3
1700241344,3490.0,415.0,3563.0,445.0,3
1700241344,3493.0,413.0,3569.0,434.0,3
1700241344,3494.0,412.0,3577.0,418.0,3
1700241344,3512.0,404.0,3581.0,404.0,0
1700241344,3515.0,406.0,3581.0,404.0,0
1700241344,3518.0,407.0,3581.0,404.0,0
1700241344,3520.0,407.0,3581.0,404.0,3
1700241344,3523.0,408.0,3581.0,404.0,3
1700241344,3526.0,408.0,3581.0,404.0,3
1700241344,3529.0,408.0,3581.0,404.0,3
1700241344,3530.0,409.0,3581.0,404.0,3
1700241344,3531.0,409.0,3581.0,404.0,3
1700241344,3532.0,410.0,3582.0,403.0,3
1700241344,3533.0,411.0,3583.0,403.0,3
1700241344,3532.0,412.0,3586.0,406.0,3
1700241344,3531.0,414.0,3586.0,412.0,3
1700241344,3530.0,415.0,3586.0,413.0,3
1700241344,3530.0,417.0,3585.0,415.0,3
1700241344,3529.0,419.0,3585.0,418.0,3
1700241344,3530.0,419.0,3585.0,423.0,3
1700241344,3531.0,420.0,3585.0,426.0,3
1700241344,3532.0,421.0,3586.0,428.0,3
1700241345,3535.0,422.0,3587.0,429.0,3
1700241345,3537.0,423.0,3588.0,431.0,3
1700241345,3537.0,424.0,3588.0,431.0,3
1700241345,3539.0,425.0,3588.0,431.0,3
1700241345,3540.0,427.0,3588.0,431.0,3
1700241345,3541.0,428.0,3588.0,431.0,3
1700241345,3542.0,429.0,3588.0,431.0,3
1700241345,3543.0,430.0,3588.0,431.0,3
1700241345,3544.0,430.0,3590.0,431.0,3
1700241345,3545.0,430.0,3590.0,431.0,3
1700241345,3545.0,430.0,3590.0,431.0,3
1700241345,3546.0,429.0,3590.0,431.0,3
1700241345,3547.0,429.0,3590.0,431.0,3
1700241345,3546.0,427.0,3590.0,431.0,0
1700241345,3543.0,425.0,3590.0,431.0,0
1700241345,3539.0,424.0,3590.0,431.0,3
1700241345,3534.0,421.0,3590.0,431.0,3
1700241345,3529.0,418.0,3590.0,432.0,3
1700241345,3524.0,415.0,3585.0,433.0,3
1700241345,3520.0,412.0,3584.0,433.0,3
1700241345,3518.0,410.0,3583.0,434.0,3
1700241345,3517.0,409.0,3583.0,434.0,3
1700241345,3514.0,409.0,3583.0,434.0,3
1700241345,3512.0,410.0,3583.0,434.0,3
1700241345,3510.0,411.0,3583.0,434.0,0
1700241345,3508.0,411.0,3583.0,434.0,0
1700241345,3507.0,411.0,3583.0,434.0,0
1700241345,3506.0,411.0,3583.0,434.0,3
1700241345,3506.0,412.0,3583.0,434.0,3
1700241345,3507.0,413.0,3583.0,434.0,3
1700241345,3508.0,414.0,3583.0,434.0,3
1700241345,3510.0,416.0,3583.0,435.0,3
1700241345,3511.0,418.0,3584.0,436.0,3
1700241346,3513.0,421.0,3586.0,438.0,3
1700241346,3514.0,424.0,3587.0,439.0,3
1700241346,3516.0,426.0,3587.0,439.0,3
1700241346,3517.0,428.0,3587.0,439.0,0
1700241346,3517.0,430.0,3587.0,439.0,0
1700241346,3518.0,433.0,3587.0,439.0,0
1700241346,3519.0,435.0,3587.0,439.0,3
1700241346,3519.0,437.0,3587.0,439.0,3
1700241346,3526.0,445.0,3592.0,439.0,3
1700241346,3534.0,454.0,3606.0,446.0,3
1700241346,3542.0,462.0,3633.0,461.0,3
1700241346,3548.0,469.0,3642.0,467.0,3
1700241346,3553.0,473.0,3642.0,470.0,3
1700241346,3555.0,476.0,3642.0,476.0,3
1700241346,3558.0,479.0,3642.0,483.0,3
1700241346,3561.0,481.0,3643.0,491.0,3
1700241346,3561.0,481.0,3643.0,492.0,3
1700241346,3561.0,481.0,3643.0,492.0,3
1700241346,3561.0,482.0,3641.0,494.0,3
1700241346,3560.0,482.0,3640.0,494.0,3
1700241346,3560.0,482.0,3637.0,496.0,3
1700241346,3559.0,483.0,3637.0,496.0,3
1700241346,3559.0,483.0,3634.0,497.0,3
1700241346,3559.0,483.0,3632.0,497.0,3
1700241346,3558.0,483.0,3629.0,499.0,3
1700241346,3558.0,483.0,3629.0,499.0,3
1700241346,3558.0,483.0,3629.0,499.0,3
1700241346,3557.0,483.0,3629.0,499.0,3
1700241346,3557.0,483.0,3629.0,499.0,3
1700241346,3557.0,483.0,3629.0,499.0,0
1700241346,3556.0,484.0,3629.0,499.0,0
1700241346,3556.0,483.0,3629.0,499.0,0
1700241346,3555.0,484.0,3629.0,499.0,3
1700241347,3554.0,484.0,3628.0,500.0,3
1700241347,3554.0,485.0,3620.0,513.0,3
1700241347,3553.0,485.0,3615.0,532.0,3
1700241347,3553.0,486.0,3614.0,542.0,3
1700241347,3552.0,486.0,3614.0,546.0,3
1700241347,3552.0,487.0,3614.0,551.0,3
1700241347,3555.0,493.0,3614.0,558.0,3
1700241347,3560.0,503.0,3615.0,569.0,3
1700241347,3565.0,514.0,3618.0,572.0,3
1700241347,3571.0,523.0,3620.0,576.0,3
1700241347,3576.0,531.0,3622.0,578.0,3
1700241347,3580.0,537.0,3622.0,578.0,3
1700241347,3583.0,541.0,3622.0,578.0,3
1700241347,3585.0,545.0,3622.0,578.0,3
1700241347,3587.0,548.0,3622.0,578.0,3
1700241347,3586.0,550.0,3622.0,578.0,3
1700241347,3585.0,551.0,3623.0,574.0,3
1700241347,3584.0,552.0,3624.0,572.0,3
1700241347,3583.0,553.0,3624.0,572.0,3
1700241347,3583.0,554.0,3624.0,572.0,3
1700241347,3582.0,554.0,3624.0,571.0,0
1700241347,3582.0,554.0,3624.0,571.0,0
1700241347,3581.0,554.0,3624.0,571.0,0
1700241347,3581.0,554.0,3625.0,570.0,3
1700241347,3581.0,554.0,3634.0,586.0,3
1700241347,3580.0,554.0,3642.0,598.0,3
1700241347,3580.0,554.0,3646.0,605.0,3
1700241347,3580.0,554.0,3657.0,620.0,3
1700241347,3580.0,553.0,3664.0,629.0,3
1700241347,3580.0,553.0,3664.0,630.0,3
1700241347,3580.0,553.0,3664.0,630.0,3
1700241347,3580.0,553.0,3664.0,630.0,0
1700241347,3579.0,553.0,3664.0,630.0,0
1700241348,3579.0,553.0,3664.0,630.0,0
1700241348,3579.0,553.0,3664.0,630.0,3
1700241348,3579.0,553.0,3664.0,630.0,3
1700241348,3579.0,553.0,3660.0,616.0,3
1700241348,3579.0,554.0,3659.0,609.0,3
1700241348,3579.0,554.0,3659.0,608.0,3
1700241348,3579.0,554.0,3659.0,608.0,3
1700241348,3578.0,555.0,3659.0,608.0,3
1700241348,3578.0,555.0,3659.0,608.0,3
1700241348,3578.0,555.0,3659.0,608.0,3
1700241348,3578.0,555.0,3659.0,608.0,3
1700241348,3578.0,556.0,3662.0,608.0,3
1700241348,3578.0,556.0,3665.0,608.0,3
1700241348,3578.0,556.0,3666.0,608.0,3
1700241348,3564.0,612.0,3668.0,608.0,3
1700241349,2143.0,739.0,2349.0,735.0,3
1700241349,2146.0,738.0,2336.0,737.0,3
1700241349,2154.0,735.0,2320.0,739.0,3
1700241349,2166.0,732.0,2319.0,741.0,3
1700241349,2180.0,730.0,2318.0,746.0,3
1700241349,2194.0,727.0,2318.0,741.0,3
1700241349,2204.0,718.0,2318.0,734.0,3
1700241349,2217.0,715.0,2318.0,734.0,3
1700241349,2227.0,711.0,2318.0,734.0,3
1700241349,2236.0,708.0,2318.0,734.0,3
1700241349,2243.0,706.0,2324.0,734.0,3
1700241349,2250.0,703.0,2351.0,743.0,3
1700241349,2255.0,703.0,2342.0,749.0,3
1700241349,2257.0,702.0,2320.0,754.0,3
1700241349,2259.0,702.0,2267.0,763.0,3
1700241349,2230.0,698.0,2124.0,767.0,3
1700241350,2082.0,660.0,1960.0,761.0,3
1700241350,1901.0,616.0,1784.0,735.0,3
1700241350,1784.0,587.0,1712.0,711.0,3
1700241350,1742.0,575.0,1706.0,700.0,3
1700241350,1728.0,570.0,1708.0,692.0,3
1700241350,1719.0,563.0,1708.0,686.0,3
1700241350,1704.0,557.0,1706.0,672.0,3
1700241351,395.0,253.0,1671.0,651.0,3
1700241351,400.0,254.0,1671.0,651.0,3
1700241351,434.0,253.0,1671.0,651.0,3
1700241351,528.0,251.0,1671.0,651.0,3
1700241351,642.0,250.0,1671.0,651.0,3
1700241351,729.0,254.0,1763.0,646.0,3
1700241351,930.0,294.0,2033.0,679.0,3
1700241351,3958.0,523.0,2339.0,761.0,3
1700241351,3495.0,601.0,2339.0,762.0,3
1700241351,3411.0,606.0,2339.0,763.0,3
1700241351,3374.0,607.0,2339.0,766.0,3
1700241351,3873.0,538.0,2335.0,768.0,3
1700241351,3867.0,530.0,2329.0,769.0,3
1700241351,3857.0,517.0,2327.0,769.0,3
1700241351,3835.0,512.0,2314.0,769.0,3
1700241351,3776.0,524.0,2284.0,770.0,3
1700241351,2643.0,686.0,2280.0,772.0,3
1700241351,2348.0,715.0,2279.0,773.0,3
1700241351,2238.0,729.0,2278.0,777.0,3
1700241352,2202.0,731.0,2278.0,785.0,3
1700241352,2187.0,736.0,2279.0,786.0,3
1700241352,2181.0,732.0,2279.0,786.0,3
1700241352,2179.0,736.0,2279.0,786.0,3
1700241352,2180.0,739.0,2280.0,787.0,3
1700241352,2188.0,749.0,2284.0,789.0,3
1700241352,2189.0,752.0,2287.0,790.0,3
1700241352,2189.0,754.0,2288.0,791.0,3
1700241352,2191.0,758.0,2288.0,791.0,3
1700241352,2231.0,758.0,2288.0,791.0,3
1700241352,2247.0,760.0,2288.0,791.0,0
1700241352,2288.0,759.0,2288.0,791.0,0
1700241352,2352.0,755.0,2288.0,791.0,0
1700241352,2336.0,759.0,2288.0,791.0,0
1700241352,2312.0,764.0,2288.0,791.0,3
1700241352,2300.0,765.0,2288.0,791.0,3
1700241352,2334.0,759.0,2288.0,791.0,3
1700241352,2632.0,712.0,2288.0,791.0,3
1700241352,2576.0,711.0,2288.0,791.0,3
1700241352,2207.0,751.0,2288.0,791.0,3
1700241355,2464.0,807.0,2334.0,922.0,0
1700241355,2344.0,833.0,2334.0,922.0,0
1700241355,2327.0,847.0,2334.0,922.0,0
1700241355,2307.0,859.0,2334.0,922.0,3
1700241355,2293.0,870.0,2339.0,926.0,3
1700241355,2283.0,878.0,2347.0,931.0,3
1700241355,2280.0,884.0,2349.0,933.0,3
1700241355,2280.0,889.0,2349.0,938.0,3
1700241355,2281.0,888.0,2352.0,951.0,3
1700241355,2282.0,891.0,2360.0,962.0,3
1700241355,2284.0,896.0,2362.0,964.0,3
1700241355,2284.0,899.0,2364.0,968.0,3
1700241355,2287.0,904.0,2364.0,968.0,3
1700241355,2287.0,908.0,2365.0,969.0,3
1700241355,2285.0,912.0,2367.0,971.0,3
1700241355,2285.0,914.0,2367.0,971.0,3
1700241355,2286.0,915.0,2367.0,971.0,3
1700241355,2286.0,916.0,2367.0,971.0,0
1700241355,2285.0,919.0,2367.0,971.0,0
1700241355,2282.0,920.0,2367.0,971.0,0
1700241355,2282.0,920.0,2367.0,971.0,3
1700241355,2281.0,922.0,2367.0,971.0,3
1700241355,2282.0,924.0,2375.0,972.0,3
1700241355,2282.0,925.0,2379.0,969.0,3
1700241355,2282.0,927.0,2379.0,969.0,3
1700241356,2282.0,928.0,2379.0,969.0,3
1700241356,2281.0,928.0,2379.0,969.0,3
1700241356,2280.0,929.0,2379.0,969.0,3
1700241356,2280.0,929.0,2379.0,969.0,3
1700241356,2280.0,928.0,2398.0,969.0,3
1700241356,2282.0,927.0,2461.0,940.0,3
1700241356,2366.0,903.0,2558.0,910.0,3
1700241356,2601.0,837.0,2714.0,865.0,3
1700241356,2777.0,788.0,2853.0,845.0,3
1700241356,2884.0,771.0,2902.0,829.0,3
1700241356,2934.0,772.0,2903.0,828.0,3
1700241356,2929.0,665.0,3124.0,805.0,3
1700241357,2944.0,641.0,3123.0,727.0,3
1700241357,2948.0,625.0,3103.0,669.0,3
1700241357,2953.0,607.0,3088.0,650.0,3
1700241357,2956.0,595.0,3075.0,643.0,3
1700241357,2962.0,590.0,3071.0,643.0,3
1700241357,2966.0,590.0,3056.0,643.0,3
1700241357,2969.0,589.0,3035.0,646.0,3
1700241357,2973.0,589.0,3010.0,646.0,3
1700241357,2973.0,589.0,2989.0,643.0,3
1700241357,2973.0,587.0,2985.0,637.0,3
1700241357,2952.0,543.0,2985.0,634.0,3
1700241357,2919.0,459.0,2984.0,628.0,3
1700241357,2890.0,398.0,2984.0,622.0,3
1700241357,2904.0,349.0,2984.0,611.0,3
1700241357,2921.0,326.0,2984.0,605.0,3
1700241357,2966.0,306.0,2984.0,605.0,3
1700241357,2949.0,311.0,2984.0,605.0,0
1700241357,2919.0,318.0,2984.0,605.0,0
1700241357,2901.0,322.0,2984.0,605.0,0
1700241357,2888.0,324.0,2984.0,605.0,3
1700241357,2877.0,326.0,2984.0,605.0,3
1700241357,2869.0,325.0,2984.0,605.0,3
1700241357,2863.0,323.0,2984.0,605.0,3
1700241357,2859.0,320.0,2984.0,605.0,3
1700241357,2865.0,316.0,2984.0,605.0,3
1700241357,2882.0,310.0,2984.0,605.0,3
1700241357,2885.0,309.0,2984.0,605.0,3
1700241357,2899.0,306.0,2984.0,605.0,3
1700241357,2899.0,307.0,2984.0,605.0,3
1700241357,2923.0,303.0,2984.0,605.0,3
1700241357,2933.0,301.0,2984.0,605.0,3
1700241357,2921.0,302.0,2984.0,605.0,3
1700241357,2915.0,303.0,2984.0,605.0,3
1700241358,2911.0,303.0,2984.0,605.0,3
1700241358,2912.0,302.0,2984.0,605.0,3
1700241358,2920.0,298.0,2984.0,605.0,3
1700241358,2927.0,293.0,2984.0,605.0,3
1700241358,2955.0,284.0,2984.0,605.0,3
1700241358,2965.0,278.0,2984.0,605.0,3
1700241358,2976.0,275.0,2984.0,605.0,3
1700241358,2975.0,276.0,2984.0,605.0,3
1700241358,2961.0,280.0,2984.0,605.0,3
1700241358,2951.0,281.0,2984.0,605.0,3
1700241358,2945.0,281.0,2984.0,605.0,3
1700241358,2939.0,281.0,2984.0,605.0,3
1700241358,2933.0,281.0,2984.0,605.0,3
1700241358,2926.0,280.0,2984.0,605.0,3
1700241358,2920.0,286.0,2984.0,605.0,0
1700241358,2912.0,295.0,2984.0,605.0,0
1700241358,2905.0,304.0,2984.0,605.0,0
1700241358,2899.0,310.0,2984.0,605.0,3
1700241358,2893.0,315.0,2984.0,605.0,3
1700241358,2889.0,319.0,2984.0,605.0,3
1700241358,2891.0,320.0,2984.0,605.0,3
1700241358,2896.0,317.0,2984.0,605.0,3
1700241358,2901.0,315.0,2984.0,605.0,3
1700241358,2905.0,313.0,2984.0,605.0,3
1700241358,2902.0,313.0,2984.0,605.0,3
1700241358,2899.0,313.0,2984.0,605.0,3
1700241358,2897.0,312.0,2984.0,605.0,3
1700241358,2895.0,311.0,2984.0,605.0,3
1700241358,2891.0,309.0,2984.0,605.0,3
1700241358,2888.0,307.0,2984.0,605.0,3
1700241358,2885.0,305.0,2984.0,605.0,3
1700241358,2906.0,315.0,2984.0,605.0,3
1700241360,3314.0,480.0,2991.0,798.0,3
1700241360,3191.0,584.0,2979.0,805.0,3
1700241360,3062.0,693.0,2974.0,811.0,3
1700241360,3000.0,752.0,2969.0,816.0,3
1700241360,2979.0,782.0,2961.0,822.0,3
1700241360,2968.0,803.0,2960.0,823.0,3
1700241360,2965.0,817.0,2959.0,824.0,3
1700241360,2963.0,822.0,2959.0,824.0,3
1700241360,2962.0,830.0,2959.0,824.0,3
1700241360,2960.0,833.0,2959.0,824.0,3
1700241360,2959.0,835.0,2959.0,824.0,3
1700241360,2959.0,837.0,2960.0,824.0,3
1700241360,2959.0,841.0,2960.0,824.0,0
1700241360,2959.0,844.0,2960.0,824.0,0
1700241360,2959.0,848.0,2960.0,824.0,3
1700241360,2962.0,851.0,2965.0,827.0,3
1700241361,2965.0,854.0,2967.0,828.0,3
1700241361,2969.0,857.0,2968.0,828.0,3
1700241361,2968.0,856.0,2978.0,829.0,3
1700241361,2966.0,855.0,2993.0,832.0,3
1700241361,2965.0,853.0,3021.0,836.0,3
1700241361,2963.0,853.0,3083.0,843.0,3
1700241361,2962.0,852.0,3120.0,844.0,3
1700241361,2961.0,851.0,3120.0,844.0,3
1700241361,2960.0,850.0,3121.0,842.0,3
1700241361,2959.0,848.0,3123.0,840.0,3
1700241361,2957.0,847.0,3123.0,840.0,3
1700241361,2959.0,847.0,3123.0,840.0,3
1700241361,2967.0,847.0,3123.0,840.0,3
1700241361,2984.0,846.0,3123.0,840.0,3
1700241361,3003.0,845.0,3123.0,840.0,3
1700241361,3021.0,843.0,3124.0,838.0,3
1700241361,3036.0,837.0,3126.0,836.0,3
1700241361,3035.0,739.0,3127.0,834.0,3
1700241361,3034.0,559.0,3127.0,834.0,3
1700241361,3033.0,442.0,3127.0,834.0,3
1700241361,3029.0,386.0,3127.0,834.0,3
1700241361,3027.0,359.0,3127.0,831.0,3
1700241361,3044.0,341.0,3127.0,831.0,3
1700241361,3071.0,328.0,3127.0,831.0,3
1700241361,3087.0,319.0,3127.0,831.0,3
1700241361,3079.0,317.0,3127.0,831.0,3
1700241361,3075.0,315.0,3127.0,831.0,3
1700241361,3073.0,313.0,3127.0,831.0,3
1700241361,3085.0,308.0,3127.0,831.0,3
1700241361,3121.0,300.0,3127.0,831.0,3
1700241361,3150.0,293.0,3128.0,829.0,3
1700241361,3170.0,287.0,3128.0,829.0,0
1700241361,3184.0,284.0,3128.0,829.0,0
1700241362,3190.0,297.0,3128.0,829.0,0
1700241362,3087.0,586.0,3019.0,866.0,3
1700241362,3048.0,662.0,3019.0,866.0,3
1700241362,3012.0,740.0,3007.0,866.0,3
1700241362,2987.0,789.0,2986.0,866.0,3
1700241362,2972.0,821.0,2974.0,866.0,3
1700241362,2961.0,837.0,2964.0,866.0,3
1700241362,2954.0,848.0,2961.0,867.0,3
1700241362,2954.0,851.0,2961.0,867.0,3
1700241362,2958.0,837.0,2961.0,867.0,3
1700241362,2966.0,792.0,2961.0,867.0,3
1700241362,3006.0,630.0,2961.0,867.0,3
1700241362,3039.0,491.0,2961.0,867.0,3
1700241362,3058.0,418.0,2961.0,867.0,3
1700241362,3067.0,379.0,2961.0,867.0,3
1700241362,3069.0,363.0,2961.0,867.0,3
1700241362,3069.0,357.0,2961.0,867.0,3
1700241362,3074.0,353.0,2961.0,867.0,3
1700241362,3095.0,344.0,2961.0,867.0,3
1700241362,3109.0,336.0,2961.0,867.0,3
1700241362,3120.0,330.0,2961.0,867.0,3
1700241362,3127.0,326.0,2961.0,867.0,3
1700241362,3132.0,322.0,2961.0,867.0,3
1700241362,3135.0,318.0,2961.0,867.0,3
1700241363,3137.0,316.0,2961.0,867.0,3
1700241363,3138.0,315.0,2961.0,867.0,3
1700241363,3137.0,315.0,2961.0,867.0,3
1700241363,3133.0,320.0,2961.0,867.0,0
1700241363,3120.0,387.0,2961.0,867.0,0
1700241363,3077.0,607.0,2961.0,867.0,0
1700241363,3078.0,761.0,2961.0,867.0,3
1700241363,3108.0,819.0,2971.0,866.0,3
1700241363,3102.0,846.0,3022.0,866.0,3
1700241363,3062.0,868.0,3087.0,876.0,3
1700241363,3043.0,883.0,3113.0,879.0,3
1700241363,3034.0,886.0,3117.0,881.0,3
1700241363,3046.0,881.0,3117.0,881.0,3
1700241363,3057.0,875.0,3117.0,881.0,3
1700241363,3064.0,871.0,3117.0,881.0,3
1700241363,3068.0,869.0,3117.0,881.0,3
1700241363,3071.0,869.0,3117.0,881.0,3
1700241363,3072.0,869.0,3120.0,881.0,3
1700241363,3073.0,869.0,3122.0,880.0,3
1700241363,3077.0,872.0,3127.0,880.0,3
1700241363,3080.0,874.0,3132.0,880.0,3
1700241363,3083.0,875.0,3142.0,880.0,3
1700241363,3085.0,877.0,3148.0,880.0,3
1700241363,3092.0,877.0,3149.0,879.0,3
1700241363,3105.0,876.0,3149.0,879.0,3
1700241363,3104.0,878.0,3149.0,879.0,3
1700241363,3104.0,879.0,3150.0,879.0,3
1700241363,3105.0,879.0,3151.0,879.0,3
1700241363,3105.0,879.0,3152.0,878.0,3
1700241363,3109.0,878.0,3154.0,876.0,3
1700241363,3117.0,877.0,3154.0,876.0,3
1700241363,3116.0,878.0,3154.0,876.0,0
1700241363,3113.0,877.0,3154.0,876.0,0
1700241363,3111.0,877.0,3154.0,876.0,0
1700241364,3109.0,876.0,3154.0,876.0,3
1700241364,3107.0,876.0,3154.0,876.0,3
1700241364,3105.0,876.0,3154.0,876.0,3
1700241364,3102.0,875.0,3149.0,875.0,3
1700241364,3098.0,874.0,3126.0,881.0,3
1700241364,3095.0,874.0,3100.0,891.0,3
1700241364,3093.0,873.0,3079.0,898.0,3
1700241364,3089.0,872.0,3060.0,902.0,3
1700241364,3086.0,872.0,3031.0,906.0,3
1700241364,3086.0,871.0,3026.0,907.0,3
1700241364,3072.0,874.0,3025.0,908.0,3
1700241364,3049.0,876.0,3023.0,908.0,3
1700241364,3024.0,878.0,3017.0,909.0,3
1700241364,3004.0,880.0,3014.0,909.0,3
1700241364,2987.0,879.0,3010.0,909.0,3
1700241364,2982.0,880.0,2997.0,909.0,3
1700241364,2986.0,877.0,2989.0,909.0,3
1700241364,2987.0,878.0,2989.0,909.0,3
1700241364,2984.0,881.0,2989.0,909.0,3
1700241364,2980.0,884.0,2982.0,909.0,3
1700241364,2977.0,886.0,2976.0,909.0,3
1700241364,2985.0,829.0,2972.0,909.0,3
1700241364,3048.0,614.0,2970.0,909.0,3
1700241364,3123.0,445.0,2969.0,909.0,3
1700241364,3137.0,376.0,2969.0,909.0,3
1700241364,3113.0,357.0,2967.0,909.0,3
1700241364,3103.0,346.0,2966.0,909.0,3
1700241364,3097.0,341.0,2965.0,909.0,3
1700241364,3093.0,340.0,2964.0,909.0,3
1700241364,3106.0,335.0,2962.0,909.0,3
1700241364,3120.0,330.0,2962.0,909.0,3
1700241364,3129.0,326.0,2962.0,909.0,3
1700241364,3133.0,324.0,2962.0,909.0,3
1700241365,3137.0,322.0,2961.0,909.0,3
1700241365,3139.0,320.0,2961.0,909.0,3
1700241365,3140.0,319.0,2961.0,909.0,3
1700241365,3133.0,319.0,2961.0,909.0,3
1700241365,3074.0,317.0,2960.0,909.0,3
1700241365,2923.0,317.0,2960.0,909.0,3
1700241365,2791.0,314.0,2960.0,909.0,3
1700241365,2710.0,311.0,2960.0,909.0,3
1700241365,2662.0,313.0,2960.0,909.0,3
1700241365,2636.0,311.0,2960.0,909.0,3
1700241365,2621.0,310.0,2960.0,909.0,3
1700241365,2613.0,311.0,2960.0,909.0,3
1700241365,2619.0,311.0,2960.0,909.0,3
1700241365,2630.0,312.0,2959.0,908.0,3
1700241365,2625.0,314.0,2959.0,908.0,0
1700241365,2622.0,315.0,2959.0,908.0,0
1700241365,2619.0,317.0,2959.0,908.0,3
1700241365,2642.0,348.0,2959.0,908.0,3
1700241365,2734.0,507.0,2959.0,908.0,3
1700241365,2865.0,722.0,2959.0,908.0,3
1700241365,2941.0,827.0,2976.0,911.0,3
1700241365,2941.0,879.0,3018.0,916.0,3
1700241365,2941.0,895.0,3087.0,929.0,3
1700241365,2939.0,906.0,3116.0,936.0,3
1700241365,2936.0,911.0,3126.0,940.0,3
1700241365,2933.0,918.0,3125.0,945.0,3
1700241365,2935.0,924.0,3146.0,957.0,3
1700241365,2935.0,927.0,3165.0,967.0,3
1700241365,2961.0,929.0,3166.0,968.0,3
1700241367,2932.0,716.0,3038.0,631.0,3
1700241367,2933.0,703.0,3035.0,638.0,3
1700241367,2936.0,684.0,3029.0,643.0,3
1700241367,2939.0,663.0,3025.0,643.0,3
1700241367,2944.0,647.0,3025.0,643.0,3
1700241367,2946.0,636.0,3010.0,625.0,3
1700241367,2926.0,593.0,2996.0,614.0,3
1700241367,2892.0,499.0,2995.0,613.0,3
1700241367,2866.0,414.0,2995.0,613.0,3
1700241367,2855.0,365.0,2995.0,613.0,3
1700241367,2850.0,338.0,2995.0,613.0,0
1700241367,2847.0,327.0,2995.0,613.0,0
1700241367,2848.0,322.0,2995.0,613.0,0
1700241367,2848.0,317.0,2995.0,613.0,3
1700241368,2848.0,314.0,2995.0,613.0,3
1700241368,2847.0,315.0,2995.0,613.0,3
1700241368,2846.0,315.0,2995.0,613.0,3
1700241368,2845.0,314.0,2995.0,613.0,3
1700241368,2845.0,313.0,2995.0,613.0,3
1700241368,2845.0,313.0,2995.0,613.0,3
1700241368,2845.0,313.0,2995.0,613.0,3
1700241368,2844.0,313.0,2995.0,613.0,3
1700241368,2844.0,314.0,2994.0,611.0,3
1700241368,2842.0,314.0,2994.0,611.0,3
1700241368,2840.0,315.0,2994.0,611.0,3
1700241368,2837.0,316.0,2994.0,611.0,0
1700241368,2835.0,317.0,2994.0,611.0,0
1700241368,2832.0,319.0,2994.0,611.0,0
1700241368,2828.0,320.0,2994.0,611.0,0
1700241368,2827.0,320.0,2994.0,611.0,3
1700241368,2825.0,320.0,2994.0,611.0,3
1700241368,2824.0,321.0,2994.0,611.0,3
1700241368,2823.0,322.0,2994.0,611.0,3
1700241368,2821.0,322.0,2994.0,611.0,3
1700241368,2820.0,322.0,2994.0,611.0,3
1700241368,2820.0,321.0,2994.0,611.0,3
1700241368,2818.0,322.0,2994.0,611.0,3
1700241368,2820.0,323.0,2994.0,611.0,3
1700241368,2824.0,326.0,2994.0,611.0,3
1700241368,2828.0,329.0,2994.0,611.0,3
1700241368,2856.0,337.0,2994.0,611.0,3
1700241368,2990.0,412.0,3052.0,611.0,3
1700241368,3218.0,569.0,3226.0,633.0,3
1700241368,3364.0,674.0,3416.0,683.0,3
1700241368,3426.0,721.0,3499.0,714.0,3
1700241368,3455.0,741.0,3514.0,722.0,3
1700241368,3471.0,751.0,3497.0,728.0,3
1700241369,3488.0,780.0,3489.0,728.0,3
1700241369,3475.0,769.0,3514.0,820.0,3
1700241369,3470.0,776.0,3514.0,820.0,3
1700241369,3465.0,783.0,3514.0,820.0,3
1700241369,3457.0,793.0,3514.0,820.0,3
1700241369,3451.0,800.0,3514.0,820.0,3
1700241369,3443.0,807.0,3514.0,820.0,3
1700241369,3437.0,812.0,3514.0,819.0,0
1700241369,3433.0,816.0,3514.0,819.0,0
1700241369,3432.0,818.0,3514.0,819.0,0
