1700240513,2115.0,637.0,2274.0,562.0,3
1700240513,2117.0,635.0,2101.0,560.0,3
1700240513,2088.0,628.0,1924.0,550.0,3
1700240513,1940.0,594.0,1793.0,540.0,3
1700240513,1787.0,560.0,1716.0,530.0,3
1700240513,1694.0,537.0,1692.0,521.0,3
1700240513,1645.0,522.0,1675.0,510.0,3
1700240513,1616.0,510.0,1644.0,490.0,3
1700240513,1598.0,501.0,1611.0,471.0,3
1700240513,1591.0,494.0,1573.0,456.0,3
1700240513,1586.0,495.0,1566.0,454.0,3
1700240513,1586.0,493.0,1566.0,454.0,3
1700240513,1604.0,500.0,1565.0,453.0,3
1700240513,1687.0,537.0,1565.0,453.0,3
1700240513,2155.0,436.0,1923.0,390.0,3
1700240513,2165.0,429.0,2103.0,438.0,3
1700240513,2166.0,434.0,2179.0,464.0,3
1700240513,3570.0,427.0,2078.0,651.0,3
1700240513,2834.0,517.0,2084.0,625.0,3
1700240513,2843.0,489.0,2084.0,612.0,3
1700240513,2837.0,471.0,2084.0,601.0,3
1700240513,2829.0,457.0,2081.0,595.0,3
1700240513,2821.0,446.0,2081.0,595.0,3
1700240513,2815.0,438.0,2081.0,595.0,3
1700240513,2807.0,416.0,2079.0,593.0,3
1700240513,2800.0,380.0,2073.0,580.0,3
1700240513,2798.0,358.0,2056.0,552.0,3
1700240513,2794.0,345.0,2045.0,527.0,3
1700240513,2792.0,337.0,2035.0,503.0,3
1700240513,2793.0,333.0,2025.0,484.0,3
1700240513,2792.0,329.0,2021.0,471.0,3
1700240513,2792.0,323.0,2021.0,463.0,3
1700240513,2795.0,318.0,2021.0,448.0,3
1700240513,2799.0,316.0,2021.0,433.0,3
1700240513,2803.0,313.0,2021.0,418.0,3
1700240513,2807.0,310.0,2021.0,412.0,3
1700240513,2809.0,308.0,2021.0,411.0,3
1700240513,2810.0,307.0,2021.0,411.0,3
1700240513,2811.0,302.0,2021.0,410.0,3
1700240513,2811.0,293.0,2021.0,410.0,3
1700240513,2813.0,286.0,2021.0,410.0,3
1700240513,2812.0,279.0,2021.0,410.0,3
1700240513,2810.0,274.0,2021.0,410.0,3
1700240513,2808.0,269.0,2021.0,410.0,3
1700240513,2806.0,263.0,2019.0,409.0,3
1700240513,2803.0,264.0,2016.0,410.0,3
1700240513,2800.0,267.0,2016.0,411.0,3
1700240513,2800.0,269.0,2016.0,411.0,3
1700240513,2799.0,270.0,2015.0,414.0,3
1700240513,2799.0,272.0,2014.0,437.0,3
1700240513,2801.0,275.0,2015.0,448.0,3
1700240513,2802.0,278.0,2015.0,448.0,3
1700240513,2802.0,282.0,2016.0,449.0,3
1700240513,2800.0,287.0,2016.0,449.0,3
1700240513,2798.0,292.0,2015.0,450.0,3
1700240513,2799.0,297.0,2014.0,451.0,3
1700240513,2799.0,301.0,2014.0,451.0,3
1700240513,2799.0,303.0,2014.0,451.0,3
1700240513,2800.0,305.0,2014.0,451.0,3
1700240513,2800.0,306.0,2014.0,451.0,3
1700240513,2804.0,308.0,2014.0,451.0,3
1700240513,2206.0,418.0,2014.0,451.0,3
1700240513,2202.0,433.0,2050.0,467.0,3
1700240513,2201.0,446.0,2089.0,487.0,3
1700240513,2200.0,458.0,2096.0,504.0,3
1700240513,2200.0,470.0,2096.0,519.0,3
1700240513,2201.0,475.0,2094.0,527.0,3
1700240513,2202.0,479.0,2090.0,532.0,3
1700240513,2202.0,484.0,2085.0,537.0,3
1700240513,2201.0,498.0,2082.0,540.0,3
1700240513,2202.0,510.0,2081.0,540.0,3
1700240513,2205.0,518.0,2079.0,542.0,3
1700240513,2207.0,524.0,2074.0,543.0,3
1700240513,2209.0,527.0,2070.0,544.0,3
1700240513,2208.0,532.0,2066.0,547.0,3
1700240513,2206.0,535.0,2062.0,549.0,3
1700240513,2205.0,538.0,2060.0,551.0,3
1700240513,2206.0,538.0,2057.0,553.0,3
1700240513,2206.0,539.0,2056.0,554.0,3
1700240513,2208.0,540.0,2053.0,556.0,3
1700240513,2209.0,540.0,2053.0,556.0,3
1700240513,2211.0,540.0,2053.0,556.0,3
1700240513,2211.0,539.0,2050.0,557.0,3
1700240513,2212.0,538.0,2049.0,557.0,3
1700240513,2213.0,538.0,2045.0,553.0,3
1700240513,2142.0,567.0,2044.0,551.0,3
1700240513,2215.0,538.0,2044.0,551.0,3
1700240513,2216.0,537.0,2043.0,550.0,3
1700240513,2218.0,536.0,2043.0,550.0,3
1700240513,2150.0,565.0,2043.0,550.0,3
1700240513,2152.0,565.0,2043.0,550.0,0
1700240513,2220.0,539.0,2043.0,550.0,0
1700240513,2152.0,571.0,2043.0,550.0,0
1700240513,2152.0,574.0,2043.0,550.0,3
1700240513,2152.0,578.0,2043.0,550.0,3
1700240513,2152.0,582.0,2043.0,550.0,3
1700240513,2152.0,587.0,2043.0,550.0,3
1700240513,2152.0,592.0,2043.0,550.0,3
1700240513,2151.0,595.0,2043.0,550.0,3
1700240513,2150.0,598.0,2043.0,550.0,3
1700240513,2151.0,598.0,2043.0,550.0,3
1700240513,2151.0,600.0,2043.0,550.0,3
1700240513,2158.0,604.0,2043.0,550.0,3
1700240513,2166.0,608.0,2043.0,550.0,3
1700240513,2165.0,609.0,2043.0,550.0,3
1700240513,2167.0,612.0,2043.0,550.0,3
1700240513,2226.0,575.0,2043.0,550.0,3
1700240513,2225.0,579.0,2043.0,550.0,3
1700240513,2225.0,584.0,2043.0,550.0,3
1700240513,2226.0,587.0,2043.0,550.0,3
1700240513,2225.0,592.0,2043.0,550.0,3
1700240513,2049.0,477.0,2043.0,550.0,3
1700240513,2218.0,480.0,2043.0,550.0,3
1700240513,2177.0,491.0,2043.0,550.0,3
1700240513,2135.0,502.0,2045.0,550.0,3
1700240513,2105.0,510.0,2054.0,558.0,3
1700240513,2090.0,513.0,2058.0,565.0,3
1700240513,2078.0,516.0,2059.0,568.0,3
1700240513,2068.0,523.0,2059.0,569.0,3
1700240513,2063.0,533.0,2059.0,571.0,3
1700240513,2059.0,540.0,2058.0,573.0,3
1700240513,2054.0,545.0,2058.0,573.0,3
1700240513,2053.0,549.0,2058.0,573.0,3
1700240513,2051.0,552.0,2056.0,573.0,3
1700240513,2048.0,554.0,2055.0,572.0,3
1700240513,2047.0,556.0,2055.0,572.0,3
1700240513,2049.0,556.0,2054.0,571.0,3
1700240513,2051.0,557.0,2054.0,571.0,3
1700240513,2052.0,556.0,2054.0,571.0,3
1700240513,2053.0,556.0,2054.0,571.0,0
1700240513,2054.0,555.0,2054.0,571.0,0
1700240513,2054.0,556.0,2054.0,571.0,0
1700240513,2055.0,557.0,2054.0,571.0,3
1700240513,2054.0,557.0,2054.0,571.0,3
1700240513,2054.0,556.0,2054.0,571.0,3
1700240513,2054.0,556.0,2054.0,571.0,3
1700240513,2055.0,556.0,2054.0,571.0,3
1700240513,2055.0,556.0,2054.0,571.0,3
1700240513,2054.0,556.0,2054.0,571.0,3
1700240513,2054.0,556.0,2054.0,571.0,3
1700240513,2055.0,556.0,2054.0,571.0,3
1700240513,2054.0,557.0,2054.0,571.0,3
1700240513,2052.0,559.0,2054.0,571.0,3
1700240513,2051.0,561.0,2054.0,571.0,3
1700240513,2049.0,562.0,2054.0,571.0,3
1700240513,2047.0,564.0,2054.0,571.0,3
1700240513,2045.0,565.0,2054.0,571.0,3
1700240513,2043.0,567.0,2054.0,571.0,3
1700240513,2041.0,568.0,2054.0,571.0,3
1700240513,2039.0,569.0,2054.0,571.0,3
1700240513,2038.0,568.0,2054.0,571.0,3
1700240513,2038.0,566.0,2054.0,571.0,0
1700240513,2038.0,564.0,2054.0,571.0,0
1700240513,2039.0,563.0,2054.0,571.0,3
1700240513,2039.0,562.0,2054.0,571.0,3
1700240513,2039.0,561.0,2054.0,571.0,3
1700240513,2039.0,560.0,2054.0,571.0,3
1700240513,2039.0,559.0,2054.0,571.0,3
1700240513,2040.0,558.0,2054.0,571.0,3
1700240513,2041.0,558.0,2054.0,571.0,3
1700240513,2041.0,558.0,2054.0,571.0,3
1700240513,2042.0,557.0,2060.0,570.0,3
1700240513,2043.0,558.0,2078.0,588.0,3
1700240513,2044.0,557.0,2104.0,623.0,3
1700240513,2044.0,557.0,2114.0,636.0,3
1700240513,2044.0,557.0,2112.0,637.0,3
1700240513,2045.0,556.0,2085.0,644.0,3
1700240513,2044.0,556.0,2056.0,650.0,3
1700240513,1894.0,525.0,1800.0,645.0,3
1700240513,1710.0,501.0,1663.0,644.0,3
1700240513,1618.0,488.0,1576.0,644.0,3
1700240513,1577.0,477.0,1527.0,655.0,3
1700240513,1558.0,473.0,1514.0,677.0,3
1700240513,1549.0,471.0,1483.0,723.0,3
1700240513,1544.0,467.0,1458.0,753.0,3
1700240513,1539.0,471.0,1432.0,773.0,3
1700240513,1538.0,474.0,1417.0,779.0,3
1700240513,1537.0,473.0,1417.0,779.0,3
1700240513,1533.0,477.0,1417.0,779.0,3
1700240513,1503.0,555.0,1417.0,779.0,0
1700240513,1360.0,973.0,1417.0,779.0,0
1700240513,1130.0,1735.0,1417.0,779.0,0
1700240513,2231.0,846.0,1429.0,755.0,3
1700240513,2251.0,874.0,1429.0,755.0,3
1700240513,2286.0,912.0,1432.0,757.0,3
1700240513,2287.0,918.0,1435.0,759.0,3
1700240513,2302.0,939.0,1435.0,761.0,3
1700240513,2306.0,946.0,1434.0,762.0,3
1700240513,2309.0,951.0,1434.0,763.0,3
1700240513,2270.0,1005.0,1433.0,765.0,3
1700240513,2151.0,1130.0,1417.0,779.0,3
1700240513,2150.0,1130.0,1416.0,779.0,3
1700240513,2150.0,1130.0,1414.0,780.0,3
1700240513,2150.0,1130.0,1412.0,782.0,3
1700240513,2116.0,1126.0,1409.0,783.0,3
1700240513,1938.0,1102.0,1398.0,789.0,3
1700240513,219.0,1198.0,1037.0,890.0,3
1700240513,217.0,1198.0,1037.0,890.0,3
1700240513,218.0,1162.0,1037.0,890.0,3
1700240513,760.0,755.0,1129.0,870.0,3
1700240513,884.0,872.0,1263.0,857.0,3
1700240513,2385.0,997.0,2099.0,656.0,3
1700240513,2386.0,995.0,2090.0,655.0,3
1700240513,2389.0,989.0,2090.0,655.0,3
1700240513,2160.0,690.0,2072.0,569.0,3
1700240513,2139.0,649.0,2072.0,569.0,3
1700240513,2070.0,539.0,2072.0,569.0,3
1700240513,2055.0,506.0,2072.0,569.0,3
1700240513,2044.0,483.0,2073.0,569.0,3
1700240513,2037.0,467.0,2076.0,569.0,3
1700240513,2033.0,458.0,2077.0,569.0,3
1700240513,2032.0,451.0,2078.0,569.0,3
1700240513,2034.0,447.0,2080.0,570.0,3
1700240513,2033.0,441.0,2082.0,571.0,3
1700240513,2031.0,438.0,2082.0,571.0,3
1700240513,2031.0,435.0,2082.0,571.0,3
1700240513,2033.0,434.0,2082.0,571.0,3
1700240513,2033.0,434.0,2082.0,571.0,3
1700240513,2033.0,434.0,2082.0,571.0,3
1700240513,2034.0,436.0,2082.0,577.0,3
1700240513,2035.0,437.0,2082.0,584.0,3
1700240513,2035.0,437.0,2082.0,584.0,3
1700240513,2035.0,438.0,2082.0,584.0,3
1700240513,2036.0,438.0,2082.0,592.0,3
1700240513,2036.0,438.0,2082.0,594.0,3
1700240513,2037.0,439.0,2082.0,594.0,3
1700240513,2038.0,439.0,2088.0,621.0,3
1700240513,2039.0,439.0,2174.0,713.0,3
1700240513,2039.0,440.0,2273.0,768.0,3
1700240513,2041.0,441.0,2285.0,773.0,3
1700240513,2043.0,444.0,2265.0,765.0,3
1700240513,2044.0,446.0,2189.0,726.0,3
1700240513,2046.0,449.0,2128.0,687.0,3
1700240513,2049.0,452.0,2063.0,631.0,3
1700240513,2051.0,455.0,2045.0,578.0,3
1700240513,2053.0,457.0,2048.0,546.0,3
1700240513,2055.0,461.0,2059.0,517.0,3
1700240513,2056.0,463.0,2062.0,497.0,3
1700240513,2146.0,399.0,2093.0,557.0,3
1700240513,2149.0,390.0,2109.0,621.0,3
1700240513,2153.0,375.0,2111.0,624.0,3
1700240513,2159.0,361.0,2111.0,624.0,3
1700240513,2163.0,350.0,2111.0,624.0,3
1700240513,2166.0,340.0,2111.0,624.0,3
1700240513,2167.0,332.0,2111.0,624.0,3
1700240513,2168.0,329.0,2111.0,624.0,3
1700240513,2167.0,327.0,2109.0,628.0,3
1700240513,2167.0,327.0,2109.0,628.0,3
1700240513,2168.0,327.0,2109.0,628.0,3
1700240513,2169.0,328.0,2109.0,628.0,3
1700240513,2169.0,329.0,2109.0,628.0,3
1700240513,2168.0,329.0,2109.0,628.0,3
1700240513,2168.0,330.0,2109.0,628.0,3
1700240513,2167.0,330.0,2109.0,628.0,3
1700240513,2167.0,331.0,2109.0,628.0,3
1700240513,2166.0,331.0,2109.0,628.0,3
1700240513,2165.0,332.0,2109.0,628.0,3
1700240513,2163.0,333.0,2109.0,628.0,3
1700240513,2165.0,326.0,2109.0,628.0,3
1700240513,2162.0,313.0,2109.0,628.0,3
1700240513,2157.0,300.0,2109.0,628.0,3
1700240513,2151.0,288.0,2109.0,628.0,3
1700240513,2145.0,280.0,2109.0,628.0,3
1700240513,2158.0,263.0,2109.0,628.0,3
1700240513,2168.0,250.0,2109.0,628.0,3
1700240513,2176.0,237.0,2109.0,628.0,3
1700240513,2182.0,230.0,2109.0,628.0,3
1700240513,2186.0,226.0,2109.0,628.0,3
1700240513,2188.0,225.0,2109.0,628.0,3
1700240513,2189.0,224.0,2109.0,628.0,3
1700240513,2190.0,223.0,2109.0,628.0,3
1700240513,2191.0,222.0,2109.0,628.0,3
1700240513,2192.0,221.0,2109.0,628.0,3
1700240513,2389.0,274.0,2109.0,628.0,3
1700240513,2346.0,277.0,2109.0,628.0,3
1700240513,2243.0,293.0,2109.0,628.0,3
1700240513,2167.0,304.0,2109.0,628.0,3
1700240513,2125.0,308.0,2109.0,628.0,3
1700240513,2104.0,311.0,2109.0,628.0,3
1700240513,2096.0,312.0,2109.0,628.0,3
1700240513,2089.0,313.0,2109.0,628.0,3
1700240513,2085.0,312.0,2109.0,628.0,3
1700240513,2084.0,310.0,2109.0,628.0,3
1700240513,2082.0,307.0,2109.0,628.0,3
1700240513,2082.0,305.0,2109.0,628.0,3
1700240513,2079.0,304.0,2109.0,628.0,3
1700240513,2076.0,301.0,2109.0,628.0,3
1700240513,2082.0,298.0,2109.0,628.0,3
1700240513,2107.0,293.0,2109.0,628.0,3
1700240513,2156.0,289.0,2109.0,628.0,3
1700240513,2204.0,290.0,2109.0,628.0,3
1700240513,2265.0,299.0,2109.0,628.0,3
1700240513,2324.0,315.0,2109.0,628.0,3
1700240513,2375.0,335.0,2109.0,628.0,3
1700240513,2420.0,359.0,2109.0,628.0,3
1700240513,2434.0,387.0,2109.0,628.0,3
1700240513,2416.0,415.0,2109.0,628.0,3
1700240513,2400.0,434.0,2109.0,628.0,3
1700240513,2405.0,444.0,2109.0,628.0,3
1700240513,2433.0,448.0,2109.0,628.0,3
1700240513,2459.0,460.0,2109.0,628.0,3
1700240513,2479.0,469.0,2109.0,628.0,3
1700240513,2493.0,477.0,2109.0,628.0,3
1700240513,2504.0,485.0,2109.0,628.0,3
1700240513,2501.0,501.0,2109.0,628.0,3
1700240513,2476.0,515.0,2109.0,628.0,3
1700240513,2455.0,525.0,2109.0,628.0,3
1700240513,2441.0,535.0,2109.0,628.0,3
1700240513,2430.0,538.0,2109.0,628.0,3
1700240513,2422.0,538.0,2109.0,628.0,3
1700240513,2415.0,536.0,2109.0,628.0,3
1700240513,2409.0,534.0,2109.0,628.0,3
1700240513,2406.0,536.0,2109.0,628.0,3
1700240513,2405.0,540.0,2109.0,628.0,3
1700240513,2392.0,541.0,2109.0,628.0,3
1700240513,2376.0,539.0,2109.0,628.0,3
1700240513,2356.0,532.0,2109.0,628.0,3
1700240513,2335.0,522.0,2109.0,628.0,3
1700240513,2315.0,510.0,2109.0,627.0,3
1700240513,2297.0,496.0,2109.0,627.0,3
1700240513,2278.0,484.0,2109.0,627.0,3
1700240513,2262.0,472.0,2109.0,627.0,3
1700240513,2250.0,459.0,2109.0,627.0,3
1700240513,2247.0,446.0,2109.0,627.0,3
1700240513,2279.0,501.0,2109.0,625.0,3
1700240513,2282.0,496.0,2110.0,624.0,3
1700240513,2271.0,451.0,2110.0,624.0,3
1700240513,2267.0,444.0,2110.0,624.0,3
1700240513,2267.0,431.0,2110.0,624.0,3
1700240513,2288.0,414.0,2110.0,624.0,3
1700240513,2335.0,399.0,2110.0,624.0,3
1700240513,2416.0,400.0,2110.0,624.0,3
1700240513,2465.0,405.0,2110.0,624.0,3
1700240513,2537.0,408.0,2110.0,624.0,3
1700240513,2590.0,414.0,2110.0,624.0,3
1700240513,2622.0,425.0,2110.0,624.0,3
1700240513,2625.0,443.0,2110.0,624.0,3
1700240513,2599.0,453.0,2110.0,624.0,3
1700240513,2587.0,453.0,2110.0,624.0,3
1700240513,2578.0,455.0,2110.0,624.0,3
1700240513,2564.0,463.0,2110.0,624.0,3
1700240513,2563.0,471.0,2110.0,624.0,3
1700240513,2562.0,486.0,2110.0,624.0,3
1700240513,2563.0,502.0,2110.0,624.0,3
1700240513,2569.0,532.0,2110.0,624.0,3
1700240513,2577.0,572.0,2110.0,624.0,3
1700240513,2585.0,617.0,2110.0,624.0,3
1700240513,2595.0,659.0,2110.0,624.0,3
1700240513,2609.0,698.0,2110.0,624.0,3
1700240513,2624.0,730.0,2110.0,624.0,3
1700240513,2634.0,755.0,2110.0,624.0,3
1700240513,2637.0,773.0,2110.0,624.0,3
1700240513,2638.0,791.0,2110.0,624.0,3
1700240513,2640.0,804.0,2110.0,624.0,3
1700240513,2641.0,812.0,2110.0,624.0,3
1700240513,2641.0,816.0,2110.0,624.0,3
1700240513,2641.0,818.0,2110.0,624.0,3
1700240513,2641.0,820.0,2110.0,624.0,3
1700240513,2641.0,823.0,2110.0,624.0,3
1700240513,2642.0,825.0,2110.0,624.0,3
1700240513,2642.0,825.0,2110.0,624.0,3
1700240513,2642.0,827.0,2110.0,624.0,3
1700240513,2642.0,829.0,2110.0,624.0,3
1700240513,2641.0,831.0,2110.0,624.0,3
1700240513,2640.0,833.0,2110.0,624.0,3
1700240513,2640.0,836.0,2110.0,624.0,3
1700240513,2640.0,839.0,2110.0,624.0,3
1700240513,2640.0,842.0,2110.0,624.0,3
1700240513,2640.0,845.0,2110.0,624.0,3
1700240513,2642.0,848.0,2110.0,624.0,3
1700240513,2643.0,850.0,2110.0,624.0,3
1700240513,2645.0,852.0,2110.0,624.0,3
1700240513,2647.0,852.0,2110.0,624.0,3
1700240513,2648.0,852.0,2110.0,624.0,3
1700240513,2649.0,851.0,2110.0,624.0,3
1700240513,2650.0,849.0,2110.0,624.0,3
1700240513,2649.0,847.0,2110.0,624.0,3
1700240513,2649.0,843.0,2110.0,624.0,3
1700240513,2648.0,838.0,2110.0,624.0,3
1700240513,2646.0,832.0,2110.0,624.0,3
1700240513,2643.0,823.0,2110.0,624.0,3
1700240513,2635.0,814.0,2110.0,624.0,3
1700240513,2611.0,803.0,2110.0,624.0,3
1700240513,2583.0,783.0,2110.0,624.0,3
1700240513,2569.0,756.0,2110.0,624.0,3
1700240513,2561.0,733.0,2110.0,624.0,3
1700240513,2545.0,717.0,2110.0,624.0,3
1700240513,2538.0,711.0,2110.0,624.0,3
1700240513,2515.0,711.0,2110.0,624.0,3
1700240513,2497.0,707.0,2110.0,624.0,3
1700240513,2480.0,700.0,2110.0,624.0,3
1700240513,2465.0,692.0,2110.0,624.0,3
1700240513,2451.0,682.0,2136.0,614.0,3
1700240513,2439.0,670.0,2173.0,586.0,3
1700240513,2430.0,659.0,2181.0,540.0,3
1700240513,2429.0,647.0,2150.0,489.0,3
1700240513,2446.0,634.0,2109.0,453.0,3
1700240513,2461.0,625.0,2083.0,437.0,3
1700240513,2473.0,624.0,2083.0,437.0,3
1700240513,2483.0,626.0,2083.0,432.0,3
1700240513,2489.0,626.0,2080.0,420.0,3
1700240513,2494.0,628.0,2072.0,405.0,3
1700240513,2499.0,630.0,2063.0,394.0,3
1700240513,2505.0,634.0,2055.0,385.0,3
1700240513,2510.0,640.0,2049.0,372.0,3
1700240513,2516.0,647.0,2048.0,367.0,3
1700240513,2520.0,654.0,2046.0,365.0,3
1700240513,2526.0,661.0,2037.0,361.0,3
1700240513,2533.0,670.0,2033.0,359.0,3
1700240513,2540.0,679.0,2032.0,359.0,3
1700240513,2542.0,688.0,2031.0,359.0,3
1700240513,2388.0,706.0,2020.0,339.0,0
1700240513,2390.0,706.0,2020.0,339.0,3
1700240513,2390.0,704.0,2025.0,342.0,3
1700240513,2397.0,694.0,2042.0,341.0,3
1700240513,2403.0,679.0,2064.0,339.0,3
1700240513,2409.0,665.0,2064.0,339.0,3
1700240513,2400.0,652.0,2064.0,339.0,3
1700240513,2382.0,640.0,2064.0,339.0,3
1700240513,2387.0,622.0,2064.0,339.0,3
1700240513,2391.0,608.0,2078.0,352.0,3
1700240513,2394.0,598.0,2080.0,353.0,3
1700240513,2380.0,591.0,2082.0,353.0,3
1700240513,2372.0,584.0,2085.0,354.0,3
1700240513,2386.0,577.0,2090.0,358.0,3
1700240513,2370.0,579.0,2092.0,364.0,3
1700240513,2371.0,575.0,2092.0,377.0,3
1700240513,2365.0,571.0,2089.0,386.0,3
1700240513,2342.0,570.0,2085.0,389.0,3
1700240513,2312.0,565.0,2084.0,390.0,3
1700240513,2283.0,561.0,2081.0,390.0,3
1700240513,2259.0,553.0,2079.0,393.0,3
1700240513,2307.0,738.0,2043.0,415.0,3
1700240513,2297.0,707.0,2046.0,399.0,3
1700240513,2274.0,639.0,2053.0,390.0,3
1700240513,2226.0,519.0,2053.0,388.0,3
1700240513,2233.0,498.0,2053.0,388.0,3
1700240513,2273.0,475.0,2053.0,388.0,3
1700240513,2294.0,462.0,2053.0,388.0,3
1700240513,2287.0,461.0,2053.0,388.0,3
1700240513,2254.0,466.0,2053.0,388.0,3
1700240513,2247.0,463.0,2053.0,388.0,3
1700240513,2269.0,456.0,2053.0,382.0,3
1700240513,2290.0,449.0,2053.0,358.0,3
1700240513,2308.0,444.0,2053.0,347.0,3
1700240513,2325.0,440.0,2051.0,336.0,3
1700240513,2339.0,441.0,2051.0,336.0,3
1700240513,2342.0,443.0,2050.0,335.0,3
1700240513,2343.0,444.0,2050.0,335.0,3
1700240513,2377.0,437.0,2050.0,335.0,3
1700240513,2398.0,431.0,2049.0,334.0,3
1700240513,2424.0,424.0,2049.0,334.0,3
1700240513,2397.0,426.0,2049.0,334.0,3
1700240513,2382.0,428.0,2049.0,334.0,3
1700240513,2393.0,425.0,2049.0,334.0,3
1700240513,2387.0,425.0,2049.0,334.0,3
1700240513,2360.0,428.0,2049.0,334.0,3
1700240513,2366.0,410.0,2049.0,334.0,3
1700240513,2398.0,386.0,2049.0,334.0,3
1700240513,2429.0,375.0,2045.0,332.0,3
1700240513,2453.0,375.0,2040.0,321.0,3
1700240513,2472.0,384.0,2036.0,298.0,3
1700240513,2487.0,397.0,2036.0,286.0,3
1700240513,2493.0,419.0,2042.0,282.0,3
1700240513,2485.0,448.0,2068.0,291.0,3
1700240513,2478.0,467.0,2101.0,338.0,3
1700240513,2471.0,478.0,2118.0,369.0,3
1700240513,2465.0,483.0,2118.0,369.0,3
1700240513,2458.0,485.0,2118.0,369.0,3
1700240513,2452.0,487.0,2118.0,369.0,3
1700240513,2446.0,488.0,2118.0,369.0,3
1700240513,2442.0,486.0,2118.0,371.0,3
1700240513,2438.0,485.0,2118.0,371.0,3
1700240513,2433.0,494.0,2118.0,371.0,3
1700240513,2413.0,519.0,2118.0,371.0,3
1700240513,2380.0,544.0,2118.0,372.0,3
1700240513,2386.0,553.0,2107.0,378.0,3
1700240513,2391.0,558.0,2090.0,378.0,3
1700240513,2393.0,558.0,2069.0,378.0,3
1700240513,2392.0,557.0,2056.0,376.0,3
1700240513,2392.0,555.0,2049.0,372.0,3
1700240513,2392.0,553.0,2047.0,371.0,3
1700240513,2392.0,552.0,2041.0,370.0,3
1700240513,2391.0,551.0,2037.0,369.0,3
1700240513,2390.0,549.0,2037.0,369.0,3
1700240513,2390.0,548.0,2036.0,369.0,3
1700240513,2390.0,546.0,2035.0,369.0,3
1700240513,2388.0,543.0,2031.0,363.0,3
1700240513,2387.0,538.0,2030.0,355.0,3
1700240513,2388.0,532.0,2030.0,348.0,3
1700240513,2389.0,527.0,2030.0,345.0,3
1700240513,2388.0,523.0,2030.0,342.0,3
1700240513,2387.0,521.0,2030.0,341.0,3
1700240513,2387.0,520.0,2030.0,340.0,3
1700240513,2387.0,521.0,2030.0,338.0,3
1700240513,2388.0,522.0,2030.0,338.0,3
1700240513,2388.0,522.0,2029.0,337.0,3
1700240513,2389.0,523.0,2028.0,335.0,3
1700240513,2389.0,524.0,2025.0,331.0,3
1700240513,2390.0,524.0,2023.0,326.0,3
1700240513,2391.0,525.0,2021.0,324.0,3
1700240513,2392.0,527.0,2021.0,323.0,3
1700240513,2393.0,529.0,2021.0,323.0,3
1700240513,2395.0,533.0,2020.0,322.0,0
1700240513,2397.0,535.0,2020.0,322.0,0
1700240513,2397.0,537.0,2020.0,322.0,0
1700240513,2398.0,540.0,2020.0,322.0,3
1700240513,2398.0,541.0,2020.0,322.0,3
1700240513,2397.0,542.0,2020.0,322.0,3
1700240513,2398.0,544.0,2021.0,322.0,3
1700240513,2397.0,544.0,2023.0,315.0,3
1700240513,2396.0,544.0,2023.0,312.0,3
1700240513,2397.0,544.0,2023.0,312.0,3
1700240513,2397.0,544.0,2031.0,316.0,3
1700240513,2397.0,546.0,2042.0,334.0,3
1700240513,2397.0,550.0,2054.0,343.0,3
1700240513,2389.0,557.0,2072.0,360.0,3
1700240513,2374.0,566.0,2077.0,368.0,3
1700240513,2379.0,567.0,2079.0,374.0,3
1700240513,2382.0,568.0,2082.0,381.0,3
1700240513,2382.0,569.0,2082.0,385.0,3
1700240513,2384.0,570.0,2082.0,388.0,3
1700240513,2386.0,571.0,2082.0,392.0,3
1700240513,2286.0,584.0,2062.0,428.0,3
1700240513,2346.0,597.0,2062.0,428.0,3
1700240513,2334.0,597.0,2062.0,428.0,3
1700240513,2313.0,594.0,2062.0,428.0,3
1700240513,2287.0,587.0,2062.0,428.0,3
1700240513,2262.0,578.0,2064.0,432.0,3
1700240513,2239.0,567.0,2065.0,433.0,3
1700240513,2217.0,555.0,2065.0,433.0,3
1700240513,2198.0,546.0,2065.0,433.0,3
1700240513,2183.0,538.0,2065.0,433.0,3
1700240513,2171.0,529.0,2065.0,433.0,0
1700240513,2164.0,520.0,2065.0,433.0,0
1700240513,2155.0,512.0,2065.0,433.0,0
1700240513,2147.0,504.0,2065.0,433.0,3
1700240513,2138.0,496.0,2065.0,433.0,3
1700240513,2132.0,489.0,2065.0,433.0,3
1700240513,2127.0,486.0,2065.0,433.0,3
1700240513,2122.0,482.0,2065.0,433.0,3
1700240513,2120.0,481.0,2065.0,433.0,3
1700240513,2118.0,478.0,2065.0,433.0,3
1700240513,2115.0,475.0,2065.0,433.0,3
1700240513,2112.0,472.0,2065.0,433.0,3
1700240513,2109.0,469.0,2065.0,433.0,3
1700240513,2107.0,465.0,2067.0,433.0,3
1700240513,2104.0,462.0,2071.0,432.0,3
1700240513,2101.0,460.0,2071.0,432.0,3
1700240513,2102.0,460.0,2071.0,432.0,3
1700240513,2103.0,459.0,2071.0,432.0,3
1700240513,2104.0,458.0,2071.0,432.0,3
1700240513,2104.0,459.0,2069.0,433.0,3
1700240513,2104.0,459.0,2054.0,434.0,3
1700240513,2104.0,458.0,2047.0,434.0,3
1700240513,2100.0,454.0,2046.0,434.0,3
1700240513,2093.0,448.0,2046.0,434.0,3
1700240513,2086.0,442.0,2046.0,434.0,3
1700240513,2079.0,436.0,2046.0,434.0,0
1700240513,2074.0,431.0,2046.0,434.0,0
1700240513,2070.0,425.0,2046.0,434.0,3
1700240513,2066.0,421.0,2046.0,434.0,3
1700240513,2063.0,417.0,2045.0,430.0,3
1700240513,2075.0,412.0,2040.0,419.0,3
1700240513,2117.0,405.0,2036.0,408.0,3
1700240513,2162.0,400.0,2034.0,406.0,3
1700240513,2198.0,398.0,2034.0,406.0,3
1700240513,2223.0,398.0,2033.0,407.0,3
1700240513,2219.0,402.0,2033.0,407.0,3
1700240513,2198.0,408.0,2033.0,407.0,3
1700240513,2192.0,412.0,2033.0,407.0,3
1700240513,2174.0,420.0,2037.0,405.0,3
1700240513,2155.0,425.0,2039.0,403.0,3
1700240513,2140.0,428.0,2040.0,402.0,3
1700240513,2127.0,432.0,2042.0,401.0,3
1700240513,2117.0,433.0,2043.0,400.0,3
1700240513,2111.0,431.0,2044.0,397.0,3
1700240513,2108.0,430.0,2046.0,394.0,3
1700240513,2104.0,429.0,2047.0,391.0,3
1700240513,2101.0,427.0,2047.0,391.0,3
1700240513,2099.0,425.0,2047.0,391.0,3
1700240513,2098.0,424.0,2047.0,391.0,0
1700240513,2096.0,423.0,2047.0,391.0,0
1700240513,2095.0,422.0,2047.0,391.0,0
1700240513,2093.0,424.0,2047.0,391.0,3
1700240513,2091.0,425.0,2047.0,391.0,3
1700240513,2090.0,425.0,2047.0,391.0,3
1700240513,2088.0,426.0,2049.0,391.0,3
1700240513,2087.0,425.0,2059.0,397.0,3
1700240513,2086.0,426.0,2068.0,404.0,3
1700240513,2084.0,426.0,2073.0,412.0,3
1700240513,2083.0,427.0,2073.0,413.0,3
1700240513,2081.0,428.0,2073.0,414.0,3
1700240513,2080.0,428.0,2071.0,419.0,3
1700240513,2078.0,428.0,2064.0,424.0,3
1700240513,2077.0,428.0,2062.0,425.0,3
1700240513,2076.0,428.0,2059.0,427.0,3
1700240513,2075.0,428.0,2054.0,428.0,3
1700240513,2074.0,428.0,2051.0,429.0,3
1700240513,2073.0,429.0,2051.0,429.0,3
1700240513,2072.0,429.0,2051.0,429.0,3
1700240513,2093.0,449.0,2049.0,430.0,3
1700240513,2235.0,606.0,2049.0,430.0,3
1700240513,2385.0,782.0,2047.0,432.0,3
1700240514,2470.0,866.0,2047.0,432.0,3
1700240514,2499.0,900.0,2047.0,432.0,3
1700240514,2516.0,917.0,2047.0,432.0,3
1700240514,2515.0,929.0,2047.0,432.0,3
1700240514,2526.0,936.0,2047.0,432.0,3
1700240514,2488.0,950.0,2047.0,432.0,3
1700240514,2451.0,963.0,2047.0,432.0,3
1700240514,2431.0,970.0,2047.0,432.0,3
1700240514,2418.0,974.0,2047.0,432.0,3
1700240514,2408.0,979.0,2046.0,433.0,3
1700240514,2401.0,981.0,2046.0,433.0,3
1700240514,2399.0,982.0,2046.0,434.0,3
1700240514,2398.0,984.0,2044.0,429.0,3
1700240514,2396.0,986.0,2039.0,420.0,3
1700240514,2394.0,989.0,2030.0,410.0,3
1700240514,2388.0,990.0,2024.0,405.0,3
1700240514,2404.0,982.0,2021.0,404.0,3
1700240514,3076.0,1163.0,3006.0,955.0,3
1700240514,3145.0,1162.0,3013.0,953.0,3
1700240514,3150.0,1138.0,3018.0,951.0,3
1700240514,2733.0,1074.0,3020.0,951.0,3
1700240514,2378.0,1056.0,3020.0,951.0,0
1700240514,2377.0,1047.0,3020.0,951.0,0
1700240514,2618.0,1101.0,3020.0,951.0,0
1700240514,2517.0,1061.0,3020.0,951.0,0
1700240514,2450.0,1036.0,3020.0,951.0,3
1700240514,2412.0,1019.0,3020.0,951.0,3
1700240514,2397.0,1011.0,3023.0,951.0,3
1700240514,2388.0,1004.0,3028.0,951.0,3
1700240514,2383.0,998.0,3028.0,941.0,3
1700240514,2379.0,990.0,3014.0,934.0,3
1700240514,2396.0,976.0,3014.0,934.0,3
1700240514,2434.0,963.0,3014.0,934.0,3
1700240514,2471.0,952.0,3014.0,934.0,3
1700240514,2465.0,888.0,3014.0,934.0,3
1700240514,2337.0,725.0,2966.0,918.0,3
1700240514,2271.0,587.0,2828.0,849.0,3
1700240514,2317.0,503.0,2625.0,742.0,3
1700240514,2342.0,471.0,2420.0,632.0,3
1700240514,2356.0,459.0,2284.0,546.0,3
1700240514,2365.0,457.0,2236.0,516.0,3
1700240514,2366.0,459.0,2214.0,493.0,3
1700240514,2369.0,465.0,2204.0,479.0,3
1700240514,2371.0,471.0,2194.0,470.0,3
1700240514,2374.0,476.0,2181.0,464.0,3
1700240514,2375.0,479.0,2170.0,461.0,3
1700240514,2377.0,482.0,2156.0,460.0,3
1700240514,2371.0,485.0,2146.0,462.0,3
1700240514,2322.0,496.0,2136.0,463.0,3
1700240514,2291.0,505.0,2112.0,463.0,3
1700240514,2308.0,504.0,2087.0,461.0,3
1700240514,2301.0,507.0,2076.0,459.0,3
1700240514,2256.0,518.0,2071.0,457.0,3
1700240514,2220.0,525.0,2065.0,455.0,3
1700240514,2219.0,526.0,2062.0,455.0,3
1700240514,2243.0,521.0,2060.0,455.0,3
1700240514,2249.0,521.0,2057.0,455.0,3
1700240514,2264.0,520.0,2057.0,455.0,3
1700240514,2283.0,519.0,2057.0,455.0,3
1700240514,2302.0,520.0,2057.0,455.0,3
1700240514,2318.0,522.0,2056.0,455.0,3
1700240514,2332.0,527.0,2056.0,455.0,0
1700240514,2340.0,532.0,2056.0,455.0,0
1700240514,2347.0,538.0,2056.0,455.0,0
1700240514,2353.0,543.0,2056.0,455.0,3
1700240514,2357.0,547.0,2056.0,455.0,3
1700240514,2361.0,550.0,2056.0,455.0,3
1700240514,2363.0,552.0,2055.0,457.0,3
1700240514,2366.0,555.0,2063.0,465.0,3
1700240514,2368.0,556.0,2075.0,473.0,3
1700240514,2370.0,558.0,2084.0,480.0,3
1700240514,2372.0,559.0,2084.0,482.0,3
1700240514,2373.0,560.0,2084.0,484.0,3
1700240514,2374.0,561.0,2084.0,484.0,3
1700240514,2375.0,563.0,2084.0,486.0,3
1700240514,2376.0,566.0,2080.0,488.0,3
1700240514,2378.0,569.0,2075.0,488.0,3
1700240514,2379.0,573.0,2069.0,489.0,3
1700240514,2381.0,575.0,2065.0,490.0,3
1700240514,2383.0,578.0,2062.0,492.0,3
1700240514,2385.0,581.0,2061.0,492.0,3
1700240514,2386.0,583.0,2059.0,493.0,3
1700240514,2386.0,585.0,2056.0,494.0,3
1700240514,2387.0,587.0,2055.0,496.0,3
1700240514,2387.0,589.0,2054.0,499.0,3
1700240514,2389.0,590.0,2053.0,503.0,3
1700240514,2390.0,591.0,2053.0,503.0,3
1700240514,2392.0,592.0,2053.0,503.0,3
1700240514,2392.0,594.0,2053.0,503.0,3
1700240514,2393.0,594.0,2053.0,503.0,3
1700240514,2393.0,596.0,2053.0,503.0,3
1700240514,2393.0,597.0,2050.0,508.0,3
1700240514,2394.0,599.0,2050.0,513.0,3
1700240514,2396.0,600.0,2050.0,516.0,3
1700240514,2397.0,600.0,2051.0,518.0,3
1700240514,2398.0,602.0,2052.0,520.0,3
1700240514,2399.0,603.0,2052.0,520.0,3
1700240514,2400.0,605.0,2052.0,520.0,3
1700240514,2401.0,605.0,2052.0,520.0,3
1700240514,2401.0,606.0,2052.0,520.0,3
1700240514,2402.0,607.0,2052.0,520.0,3
1700240514,2402.0,608.0,2052.0,520.0,0
1700240514,2402.0,611.0,2052.0,520.0,0
1700240514,2402.0,614.0,2052.0,520.0,0
1700240514,2401.0,616.0,2052.0,520.0,3
1700240514,2400.0,617.0,2052.0,520.0,3
1700240514,2401.0,618.0,2052.0,520.0,3
1700240514,2400.0,620.0,2057.0,520.0,3
1700240514,2400.0,621.0,2071.0,520.0,3
1700240514,2399.0,623.0,2088.0,520.0,3
1700240514,2398.0,625.0,2097.0,517.0,3
1700240514,2397.0,627.0,2100.0,517.0,3
1700240514,2397.0,629.0,2100.0,517.0,3
1700240514,2397.0,629.0,2102.0,518.0,3
1700240514,2397.0,630.0,2102.0,526.0,3
1700240514,2397.0,631.0,2102.0,533.0,3
1700240514,2397.0,632.0,2102.0,536.0,3
1700240514,2397.0,633.0,2100.0,538.0,3
1700240514,2398.0,635.0,2094.0,540.0,3
1700240514,2398.0,637.0,2090.0,544.0,3
1700240514,2399.0,637.0,2085.0,549.0,3
1700240514,2399.0,638.0,2083.0,553.0,3
1700240514,2399.0,639.0,2083.0,557.0,3
1700240514,2399.0,641.0,2083.0,559.0,3
1700240514,2392.0,644.0,2082.0,563.0,3
1700240514,2190.0,802.0,2105.0,644.0,3
1700240514,2181.0,806.0,2118.0,657.0,3
1700240514,2141.0,764.0,2121.0,663.0,3
1700240514,2136.0,861.0,2117.0,663.0,3
1700240514,2131.0,849.0,2112.0,663.0,3
1700240514,2140.0,754.0,2106.0,663.0,3
1700240514,2141.0,747.0,2102.0,663.0,3
1700240514,2145.0,737.0,2100.0,663.0,3
1700240514,2147.0,731.0,2097.0,663.0,3
1700240514,2152.0,725.0,2096.0,663.0,3
1700240514,2157.0,715.0,2094.0,663.0,3
1700240514,2163.0,709.0,2087.0,663.0,3
1700240514,2172.0,701.0,2086.0,663.0,3
1700240514,2172.0,697.0,2084.0,666.0,3
1700240514,2173.0,695.0,2084.0,674.0,3
1700240514,2173.0,698.0,2084.0,677.0,3
1700240514,2171.0,697.0,2084.0,677.0,3
1700240514,2173.0,697.0,2084.0,677.0,3
1700240514,2174.0,697.0,2084.0,677.0,3
1700240514,2175.0,696.0,2084.0,677.0,3
1700240514,2176.0,695.0,2084.0,677.0,3
1700240514,2178.0,694.0,2084.0,677.0,3
1700240514,2181.0,693.0,2084.0,677.0,3
1700240514,2181.0,692.0,2084.0,677.0,3
1700240514,2181.0,691.0,2084.0,677.0,0
1700240514,2181.0,691.0,2084.0,677.0,0
1700240514,2181.0,692.0,2084.0,677.0,0
1700240514,2182.0,692.0,2084.0,677.0,0
1700240514,2182.0,690.0,2084.0,677.0,3
1700240514,2182.0,686.0,2084.0,677.0,3
1700240514,2182.0,683.0,2084.0,677.0,3
1700240514,2181.0,678.0,2084.0,677.0,3
1700240514,2180.0,674.0,2084.0,677.0,3
1700240514,2180.0,671.0,2084.0,677.0,3
1700240514,2180.0,668.0,2084.0,677.0,3
1700240514,2182.0,666.0,2084.0,677.0,3
1700240514,2184.0,665.0,2084.0,677.0,3
1700240514,2183.0,664.0,2084.0,677.0,3
1700240514,2183.0,657.0,2084.0,677.0,3
1700240514,2182.0,648.0,2084.0,677.0,3
1700240514,2180.0,641.0,2084.0,677.0,0
1700240514,2178.0,635.0,2084.0,677.0,0
1700240514,2176.0,630.0,2084.0,677.0,3
1700240514,2175.0,626.0,2079.0,671.0,3
1700240514,2175.0,622.0,2075.0,661.0,3
1700240514,2173.0,618.0,2074.0,651.0,3
1700240514,2171.0,615.0,2071.0,642.0,3
1700240514,2169.0,611.0,2066.0,634.0,3
1700240514,2169.0,610.0,2058.0,628.0,3
1700240514,2170.0,609.0,2053.0,624.0,3
1700240514,2170.0,609.0,2053.0,624.0,3
1700240514,2170.0,609.0,2052.0,624.0,3
1700240514,2170.0,608.0,2052.0,624.0,3
1700240514,2171.0,604.0,2052.0,624.0,3
1700240514,2172.0,600.0,2052.0,624.0,3
1700240514,2172.0,596.0,2052.0,624.0,3
1700240514,2171.0,592.0,2052.0,624.0,3
1700240514,2171.0,587.0,2052.0,624.0,3
1700240514,2172.0,585.0,2052.0,624.0,3
1700240514,2173.0,583.0,2052.0,624.0,0
1700240514,2174.0,581.0,2052.0,624.0,0
1700240514,2175.0,578.0,2052.0,624.0,3
1700240514,2176.0,576.0,2052.0,624.0,3
1700240514,2176.0,576.0,2052.0,624.0,3
1700240514,2176.0,576.0,2052.0,624.0,3
1700240514,2176.0,577.0,2052.0,624.0,3
1700240514,2174.0,577.0,2052.0,624.0,3
1700240514,2174.0,577.0,2052.0,624.0,3
1700240514,2174.0,576.0,2052.0,624.0,3
1700240514,2174.0,576.0,2052.0,624.0,3
1700240514,2241.0,761.0,2075.0,667.0,3
1700240514,2241.0,761.0,2075.0,669.0,3
1700240514,2249.0,806.0,2088.0,678.0,3
1700240514,2248.0,806.0,2106.0,694.0,3
1700240514,2246.0,804.0,2113.0,701.0,3
1700240514,2241.0,799.0,2112.0,703.0,3
1700240514,2234.0,792.0,2107.0,703.0,3
1700240514,2224.0,782.0,2102.0,704.0,3
1700240514,2212.0,773.0,2100.0,704.0,3
1700240514,2200.0,767.0,2093.0,706.0,3
1700240514,2187.0,759.0,2091.0,708.0,3
1700240514,2173.0,753.0,2090.0,708.0,3
1700240514,2162.0,747.0,2089.0,708.0,3
1700240514,2152.0,741.0,2085.0,709.0,3
1700240514,2143.0,737.0,2084.0,710.0,3
1700240514,2122.0,714.0,2084.0,712.0,3
1700240514,2118.0,712.0,2084.0,716.0,3
1700240514,2116.0,711.0,2084.0,719.0,3
1700240514,2114.0,710.0,2084.0,719.0,3
1700240514,2123.0,726.0,2084.0,719.0,3
1700240514,2123.0,723.0,2084.0,719.0,0
1700240514,2125.0,721.0,2084.0,719.0,0
1700240514,2126.0,719.0,2084.0,719.0,0
1700240514,2126.0,718.0,2084.0,719.0,0
1700240514,2125.0,718.0,2084.0,719.0,3
1700240514,2125.0,717.0,2084.0,719.0,3
1700240514,2124.0,716.0,2084.0,719.0,3
1700240514,2123.0,715.0,2084.0,722.0,3
1700240514,2122.0,715.0,2084.0,727.0,3
1700240514,2121.0,714.0,2084.0,731.0,3
1700240514,2119.0,713.0,2084.0,732.0,3
1700240514,2117.0,712.0,2083.0,734.0,3
1700240514,2143.0,692.0,2082.0,735.0,3
1700240514,2259.0,606.0,2081.0,737.0,3
1700240514,2390.0,508.0,2081.0,737.0,3
1700240514,2471.0,447.0,2081.0,738.0,3
1700240514,2511.0,413.0,2081.0,741.0,3
1700240514,2535.0,399.0,2081.0,741.0,3
1700240514,2546.0,390.0,2081.0,741.0,3
1700240514,2551.0,385.0,2081.0,741.0,3
1700240514,2558.0,384.0,2081.0,741.0,0
1700240514,2560.0,385.0,2081.0,741.0,0
1700240514,2563.0,387.0,2081.0,741.0,0
1700240514,2563.0,389.0,2081.0,741.0,3
1700240514,2564.0,390.0,2081.0,741.0,3
1700240514,2563.0,390.0,2081.0,741.0,3
1700240514,2572.0,355.0,2081.0,741.0,3
1700240514,2565.0,390.0,2081.0,741.0,3
1700240514,2564.0,390.0,2088.0,739.0,3
1700240514,2566.0,391.0,2117.0,720.0,3
1700240514,2567.0,390.0,2217.0,657.0,3
1700240514,2568.0,380.0,2406.0,564.0,3
1700240514,2566.0,345.0,2616.0,464.0,3
1700240514,2561.0,302.0,2762.0,401.0,3
1700240514,2561.0,287.0,2812.0,379.0,3
1700240514,2631.0,368.0,2841.0,363.0,3
1700240514,2642.0,378.0,2841.0,363.0,3
1700240514,2684.0,353.0,2841.0,363.0,3
1700240514,2727.0,306.0,2841.0,363.0,3
1700240514,2757.0,311.0,2841.0,363.0,3
1700240514,2772.0,304.0,2841.0,363.0,3
1700240514,2785.0,303.0,2841.0,363.0,3
1700240514,2786.0,294.0,2841.0,363.0,3
1700240514,2793.0,295.0,2841.0,363.0,3
1700240514,2715.0,305.0,2840.0,362.0,3
1700240514,2757.0,306.0,2830.0,359.0,3
1700240514,2841.0,295.0,2813.0,357.0,3
1700240514,2904.0,290.0,2799.0,355.0,3
1700240514,2961.0,276.0,2743.0,336.0,3
1700240514,2977.0,255.0,2726.0,326.0,3
1700240514,2979.0,238.0,2726.0,326.0,3
1700240514,2983.0,232.0,2726.0,326.0,3
1700240514,2991.0,237.0,2726.0,326.0,3
1700240514,3029.0,244.0,2725.0,330.0,3
1700240514,3045.0,243.0,2724.0,337.0,3
1700240514,3055.0,230.0,2728.0,342.0,3
1700240514,3063.0,232.0,2741.0,342.0,3
1700240514,3066.0,234.0,2757.0,339.0,3
1700240514,3067.0,240.0,2762.0,337.0,3
1700240514,3069.0,237.0,2762.0,337.0,3
1700240514,3071.0,231.0,2762.0,337.0,3
1700240514,3073.0,221.0,2762.0,337.0,3
1700240514,3074.0,210.0,2762.0,337.0,3
1700240514,3075.0,199.0,2762.0,337.0,3
1700240514,3081.0,186.0,2762.0,337.0,3
1700240514,3085.0,178.0,2762.0,337.0,3
1700240514,3086.0,171.0,2762.0,337.0,3
1700240514,3080.0,163.0,2773.0,355.0,3
1700240514,3073.0,157.0,2805.0,349.0,3
1700240514,3068.0,149.0,2846.0,309.0,3
1700240514,3063.0,141.0,2846.0,309.0,3
1700240514,3057.0,133.0,2849.0,308.0,3
1700240514,3054.0,130.0,2851.0,306.0,3
1700240514,3030.0,137.0,2835.0,306.0,3
1700240514,2895.0,191.0,2756.0,353.0,3
1700240514,2591.0,347.0,2613.0,437.0,3
1700240514,2305.0,525.0,2433.0,540.0,3
1700240514,2299.0,595.0,2316.0,607.0,3
1700240514,2116.0,666.0,2219.0,653.0,3
1700240514,2255.0,658.0,2179.0,662.0,3
1700240514,2246.0,668.0,2164.0,636.0,3
1700240514,2259.0,669.0,2164.0,635.0,3
1700240514,2197.0,694.0,2164.0,635.0,3
1700240514,2197.0,703.0,2164.0,635.0,3
1700240514,2128.0,726.0,2164.0,635.0,3
1700240514,2354.0,682.0,2151.0,637.0,3
1700240514,2348.0,689.0,2116.0,661.0,3
1700240514,2310.0,700.0,2104.0,691.0,3
1700240514,2301.0,706.0,2100.0,707.0,3
1700240514,2299.0,716.0,2098.0,709.0,3
1700240514,2291.0,728.0,2098.0,709.0,3
1700240514,2299.0,733.0,2098.0,709.0,3
1700240514,2301.0,737.0,2098.0,709.0,3
1700240514,2331.0,733.0,2096.0,713.0,3
1700240514,2338.0,733.0,2096.0,714.0,3
1700240514,2345.0,733.0,2096.0,714.0,3
1700240514,2356.0,735.0,2096.0,714.0,3
1700240514,2370.0,736.0,2096.0,714.0,3
1700240514,2381.0,740.0,2096.0,714.0,3
1700240514,2389.0,743.0,2096.0,714.0,3
1700240514,2395.0,746.0,2096.0,714.0,0
1700240514,2405.0,747.0,2096.0,714.0,0
1700240514,2424.0,749.0,2096.0,714.0,0
1700240514,2446.0,757.0,2096.0,716.0,3
1700240514,2475.0,771.0,2098.0,718.0,3
1700240514,2497.0,793.0,2098.0,722.0,3
1700240514,2511.0,815.0,2075.0,728.0,3
1700240514,2538.0,827.0,2074.0,728.0,3
1700240514,2557.0,838.0,2074.0,728.0,3
1700240514,2566.0,851.0,2074.0,728.0,3
1700240514,2556.0,873.0,2074.0,728.0,3
1700240514,2898.0,720.0,2899.0,518.0,3
1700240514,2897.0,714.0,2899.0,518.0,3
1700240514,2892.0,696.0,2899.0,521.0,3
1700240514,2884.0,665.0,2899.0,521.0,3
1700240514,2879.0,629.0,2899.0,521.0,3
1700240514,2876.0,591.0,2899.0,521.0,3
1700240514,2874.0,560.0,2899.0,521.0,3
1700240514,2870.0,531.0,2899.0,521.0,3
1700240514,2853.0,525.0,2899.0,521.0,3
1700240514,2844.0,525.0,2899.0,521.0,3
1700240514,2843.0,523.0,2899.0,521.0,3
1700240514,2842.0,522.0,2902.0,522.0,3
1700240514,2844.0,524.0,2906.0,518.0,3
1700240514,2849.0,523.0,2907.0,516.0,3
1700240514,2844.0,522.0,2908.0,515.0,3
1700240514,2841.0,522.0,2908.0,515.0,3
1700240514,2843.0,525.0,2911.0,515.0,3
1700240514,2841.0,521.0,2918.0,515.0,3
1700240514,2842.0,521.0,2928.0,520.0,3
1700240514,2838.0,519.0,2933.0,524.0,3
1700240514,2834.0,520.0,2936.0,525.0,3
1700240514,2826.0,523.0,2937.0,526.0,3
1700240514,2832.0,524.0,2939.0,528.0,3
1700240514,2833.0,528.0,2943.0,535.0,3
1700240514,2787.0,555.0,2946.0,541.0,3
1700240514,3192.0,626.0,2936.0,965.0,3
1700240514,2640.0,768.0,2947.0,975.0,3
1700240514,2585.0,788.0,2947.0,975.0,3
1700240514,2534.0,807.0,2947.0,975.0,3
1700240514,2497.0,824.0,2947.0,975.0,3
1700240514,2476.0,854.0,2947.0,975.0,3
1700240514,2457.0,843.0,2947.0,975.0,3
1700240514,2443.0,849.0,2947.0,975.0,3
1700240514,2432.0,855.0,2947.0,975.0,3
1700240514,2425.0,856.0,2947.0,975.0,3
1700240514,2420.0,872.0,2947.0,975.0,3
1700240514,2417.0,874.0,2947.0,975.0,3
1700240514,2414.0,877.0,2947.0,975.0,3
1700240514,2409.0,878.0,2947.0,975.0,3
1700240514,2408.0,876.0,2947.0,975.0,3
1700240514,2409.0,876.0,2947.0,975.0,3
1700240514,2410.0,879.0,2947.0,975.0,3
1700240514,2411.0,881.0,2947.0,975.0,3
1700240514,2411.0,882.0,2947.0,975.0,3
1700240514,2410.0,883.0,2947.0,975.0,3
1700240514,2409.0,883.0,2947.0,975.0,3
1700240514,2409.0,885.0,2947.0,975.0,3
1700240514,2410.0,886.0,2947.0,975.0,3
1700240514,2410.0,888.0,2947.0,975.0,3
1700240514,2409.0,889.0,2947.0,975.0,3
1700240514,2408.0,890.0,2947.0,975.0,3
1700240514,2407.0,891.0,2947.0,975.0,3
1700240514,2405.0,891.0,2947.0,975.0,3
1700240514,2402.0,891.0,2947.0,975.0,3
1700240514,2402.0,890.0,2947.0,975.0,3
1700240514,2403.0,891.0,2947.0,975.0,3
1700240514,2402.0,893.0,2947.0,975.0,3
1700240514,2403.0,894.0,2947.0,975.0,3
1700240514,2402.0,893.0,2947.0,975.0,3
1700240514,2402.0,894.0,2947.0,975.0,3
1700240514,2403.0,894.0,2947.0,975.0,3
1700240514,2403.0,894.0,2947.0,975.0,3
1700240514,2404.0,894.0,2947.0,975.0,3
1700240514,2404.0,895.0,2947.0,975.0,3
1700240514,2404.0,895.0,2947.0,975.0,3
1700240514,2403.0,895.0,2947.0,975.0,3
1700240514,2403.0,895.0,2947.0,975.0,3
1700240514,2403.0,895.0,2947.0,975.0,3
1700240514,2402.0,895.0,2947.0,975.0,3
1700240514,2402.0,895.0,2947.0,975.0,3
1700240514,2402.0,894.0,2947.0,975.0,3
1700240514,2401.0,892.0,2947.0,975.0,3
1700240514,2402.0,892.0,2947.0,975.0,3
1700240514,2402.0,891.0,2947.0,975.0,3
1700240514,2402.0,890.0,2947.0,975.0,3
1700240514,2403.0,889.0,2947.0,975.0,3
1700240514,2402.0,888.0,2947.0,975.0,3
1700240514,2402.0,887.0,2947.0,975.0,3
1700240514,2402.0,887.0,2947.0,975.0,3
1700240514,2403.0,887.0,2947.0,975.0,3
1700240514,2402.0,888.0,2947.0,975.0,3
1700240514,2402.0,888.0,2947.0,975.0,3
1700240514,2402.0,889.0,2947.0,975.0,3
1700240514,2401.0,889.0,2947.0,975.0,3
1700240514,2401.0,889.0,2947.0,975.0,3
1700240514,2401.0,889.0,2947.0,975.0,3
1700240514,2401.0,889.0,2947.0,975.0,3
1700240514,2400.0,889.0,2947.0,975.0,3
1700240514,2401.0,889.0,2947.0,975.0,3
1700240514,2401.0,889.0,2947.0,975.0,3
1700240514,2401.0,890.0,2947.0,975.0,3
1700240514,2400.0,890.0,2947.0,975.0,3
1700240514,2400.0,890.0,2947.0,975.0,3
1700240514,2399.0,890.0,2947.0,975.0,3
1700240514,2398.0,890.0,2947.0,975.0,3
1700240514,2398.0,891.0,2947.0,975.0,3
1700240514,2398.0,891.0,2947.0,975.0,3
1700240514,2398.0,890.0,2947.0,975.0,3
1700240514,2397.0,891.0,2947.0,975.0,3
1700240514,2396.0,890.0,2947.0,975.0,3
1700240514,2395.0,890.0,2947.0,975.0,3
1700240514,2395.0,890.0,2947.0,975.0,3
1700240514,2394.0,890.0,2947.0,975.0,3
1700240514,2394.0,890.0,2947.0,975.0,3
1700240514,2395.0,890.0,2947.0,975.0,3
1700240514,2394.0,889.0,2947.0,975.0,3
1700240514,2393.0,890.0,2947.0,975.0,3
1700240514,2393.0,890.0,2947.0,975.0,3
1700240514,2393.0,890.0,2947.0,975.0,3
1700240514,2393.0,889.0,2947.0,975.0,3
1700240514,2393.0,889.0,2947.0,975.0,3
1700240514,2392.0,889.0,2947.0,975.0,3
1700240514,2392.0,889.0,2947.0,975.0,3
1700240514,2393.0,889.0,2947.0,975.0,3
1700240514,2964.0,793.0,2947.0,975.0,3
1700240514,2682.0,817.0,2947.0,975.0,3
1700240514,2670.0,819.0,2947.0,975.0,3
1700240514,2798.0,826.0,2947.0,975.0,3
1700240514,2659.0,854.0,2947.0,975.0,3
1700240514,2564.0,867.0,2947.0,975.0,3
1700240514,2505.0,867.0,2947.0,975.0,3
1700240514,2472.0,867.0,2947.0,975.0,3
1700240514,2454.0,870.0,2947.0,975.0,3
1700240514,2490.0,866.0,2947.0,975.0,3
1700240514,2468.0,851.0,2947.0,975.0,3
1700240514,2506.0,846.0,2947.0,975.0,3
1700240514,2548.0,841.0,2947.0,975.0,3
1700240514,2577.0,845.0,2947.0,975.0,3
1700240514,2600.0,856.0,2947.0,975.0,3
1700240514,2460.0,886.0,2947.0,975.0,3
1700240514,2624.0,884.0,2947.0,975.0,3
1700240514,2637.0,895.0,2947.0,975.0,3
1700240514,2649.0,910.0,2947.0,975.0,3
1700240514,2661.0,924.0,2947.0,975.0,3
1700240514,2674.0,936.0,2947.0,975.0,3
1700240514,2677.0,951.0,2947.0,975.0,3
1700240514,2662.0,965.0,2947.0,975.0,3
1700240514,2644.0,974.0,2947.0,975.0,3
1700240514,2628.0,979.0,2947.0,975.0,3
1700240514,2614.0,980.0,2947.0,975.0,3
1700240514,2602.0,980.0,2947.0,975.0,3
1700240514,2593.0,979.0,2947.0,975.0,3
1700240514,2587.0,977.0,2947.0,975.0,3
1700240514,2554.0,971.0,2947.0,975.0,3
1700240514,2575.0,974.0,2947.0,975.0,3
1700240514,2570.0,971.0,2947.0,975.0,3
1700240514,2530.0,960.0,2947.0,975.0,3
1700240514,2525.0,956.0,2947.0,975.0,3
1700240514,2519.0,950.0,2947.0,975.0,3
1700240514,2991.0,888.0,2947.0,975.0,3
1700240514,2919.0,893.0,2947.0,975.0,3
1700240514,2808.0,901.0,2947.0,975.0,3
1700240514,2893.0,886.0,2947.0,975.0,3
1700240514,3040.0,860.0,2947.0,975.0,3
1700240514,3137.0,822.0,2947.0,975.0,3
1700240514,2998.0,835.0,2947.0,975.0,3
1700240514,787.0,368.0,1235.0,496.0,3
1700240514,749.0,352.0,1235.0,496.0,3
1700240514,721.0,342.0,1235.0,496.0,3
1700240514,695.0,340.0,1235.0,496.0,3
1700240514,673.0,344.0,1235.0,496.0,3
1700240514,642.0,347.0,1233.0,491.0,3
1700240514,594.0,359.0,1164.0,450.0,3
1700240514,561.0,375.0,1033.0,416.0,3
1700240514,544.0,394.0,848.0,387.0,3
1700240514,527.0,400.0,748.0,392.0,3
1700240514,517.0,401.0,705.0,404.0,3
1700240514,508.0,408.0,695.0,406.0,3
1700240514,503.0,408.0,695.0,406.0,3
1700240514,505.0,410.0,695.0,406.0,3
1700240514,506.0,413.0,695.0,406.0,3
1700240514,503.0,412.0,695.0,406.0,3
1700240514,505.0,415.0,695.0,406.0,3
1700240514,482.0,409.0,695.0,406.0,3
1700240514,478.0,403.0,695.0,406.0,3
1700240514,475.0,397.0,695.0,406.0,3
1700240514,471.0,396.0,695.0,406.0,3
1700240514,468.0,395.0,695.0,406.0,3
1700240514,465.0,395.0,695.0,406.0,3
1700240514,463.0,394.0,695.0,406.0,3
1700240514,461.0,394.0,695.0,406.0,3
1700240514,459.0,394.0,695.0,406.0,3
1700240514,459.0,394.0,695.0,406.0,3
1700240514,457.0,395.0,695.0,406.0,3
1700240514,457.0,395.0,695.0,406.0,3
1700240514,457.0,395.0,695.0,406.0,3
1700240514,457.0,395.0,695.0,406.0,3
1700240514,457.0,396.0,695.0,406.0,3
1700240514,457.0,396.0,695.0,406.0,3
1700240514,457.0,397.0,695.0,406.0,3
1700240514,458.0,388.0,695.0,406.0,3
1700240514,453.0,408.0,784.0,375.0,3
1700240514,452.0,404.0,784.0,375.0,3
1700240514,452.0,403.0,784.0,375.0,3
1700240514,451.0,403.0,784.0,375.0,3
1700240514,449.0,403.0,784.0,375.0,3
1700240514,448.0,403.0,784.0,375.0,3
1700240514,448.0,400.0,784.0,375.0,3
1700240514,447.0,399.0,784.0,375.0,3
1700240514,437.0,402.0,784.0,375.0,3
1700240514,424.0,411.0,784.0,375.0,3
1700240514,407.0,425.0,784.0,375.0,3
1700240514,393.0,438.0,784.0,375.0,3
1700240514,382.0,446.0,784.0,375.0,3
1700240514,421.0,428.0,782.0,375.0,3
1700240514,422.0,423.0,782.0,375.0,3
1700240514,424.0,418.0,782.0,375.0,3
1700240514,426.0,413.0,782.0,375.0,3
1700240514,429.0,409.0,782.0,375.0,3
1700240514,431.0,407.0,782.0,375.0,3
1700240514,432.0,405.0,782.0,375.0,3
1700240514,433.0,402.0,782.0,375.0,3
1700240514,434.0,400.0,782.0,375.0,3
1700240514,435.0,400.0,782.0,375.0,3
1700240514,436.0,400.0,782.0,375.0,3
1700240514,436.0,400.0,782.0,375.0,3
1700240514,439.0,401.0,782.0,375.0,3
1700240514,446.0,405.0,782.0,375.0,3
1700240514,462.0,413.0,782.0,375.0,3
1700240514,480.0,423.0,782.0,375.0,3
1700240514,496.0,432.0,782.0,375.0,3
1700240514,509.0,441.0,782.0,375.0,3
1700240514,519.0,449.0,782.0,375.0,3
1700240514,514.0,451.0,782.0,375.0,3
1700240514,500.0,451.0,782.0,375.0,3
1700240514,490.0,453.0,782.0,375.0,3
1700240514,481.0,453.0,782.0,375.0,3
1700240514,473.0,451.0,782.0,375.0,3
1700240514,466.0,451.0,782.0,375.0,3
1700240514,459.0,449.0,782.0,375.0,3
1700240514,452.0,453.0,782.0,375.0,3
1700240514,472.0,377.0,782.0,375.0,3
1700240514,471.0,374.0,782.0,375.0,3
1700240514,469.0,370.0,782.0,375.0,3
1700240514,470.0,359.0,782.0,375.0,3
1700240514,475.0,332.0,782.0,375.0,3
1700240514,479.0,301.0,782.0,375.0,3
1700240514,481.0,274.0,782.0,375.0,3
1700240514,483.0,256.0,782.0,375.0,3
1700240514,484.0,241.0,782.0,375.0,3
1700240514,485.0,230.0,782.0,375.0,3
1700240514,486.0,223.0,782.0,375.0,3
1700240514,487.0,218.0,782.0,375.0,3
1700240514,488.0,214.0,782.0,375.0,3
1700240514,489.0,213.0,782.0,375.0,3
1700240514,483.0,215.0,782.0,375.0,3
1700240514,476.0,216.0,782.0,375.0,3
1700240514,469.0,216.0,782.0,375.0,3
1700240514,463.0,215.0,782.0,375.0,3
1700240514,458.0,214.0,782.0,375.0,3
1700240514,454.0,213.0,782.0,375.0,3
1700240514,458.0,214.0,782.0,375.0,3
1700240514,462.0,216.0,782.0,375.0,3
1700240514,471.0,221.0,782.0,375.0,3
1700240514,483.0,229.0,782.0,375.0,3
1700240514,495.0,241.0,782.0,375.0,3
1700240514,501.0,253.0,782.0,375.0,3
1700240514,509.0,264.0,782.0,375.0,3
1700240514,513.0,273.0,782.0,375.0,3
1700240514,515.0,280.0,782.0,375.0,3
1700240514,517.0,286.0,782.0,375.0,3
1700240514,522.0,293.0,782.0,375.0,3
1700240514,529.0,299.0,782.0,375.0,3
1700240514,531.0,302.0,782.0,375.0,3
1700240514,573.0,282.0,782.0,375.0,3
1700240514,519.0,268.0,782.0,375.0,3
1700240514,519.0,274.0,782.0,375.0,3
1700240514,517.0,280.0,782.0,375.0,3
1700240514,517.0,285.0,782.0,375.0,3
1700240514,514.0,290.0,782.0,375.0,3
1700240514,510.0,291.0,782.0,375.0,3
1700240514,500.0,289.0,782.0,375.0,3
1700240514,490.0,286.0,782.0,375.0,3
1700240514,483.0,284.0,782.0,375.0,3
1700240514,476.0,283.0,782.0,375.0,3
1700240514,470.0,282.0,782.0,375.0,3
1700240514,464.0,281.0,782.0,375.0,3
1700240514,458.0,281.0,782.0,375.0,3
1700240514,454.0,283.0,782.0,375.0,3
1700240514,451.0,284.0,782.0,375.0,3
1700240514,450.0,286.0,782.0,375.0,3
1700240514,449.0,287.0,782.0,375.0,3
1700240514,448.0,289.0,782.0,375.0,3
1700240514,447.0,290.0,782.0,375.0,3
1700240514,447.0,292.0,782.0,375.0,3
1700240514,448.0,295.0,782.0,375.0,3
1700240514,452.0,298.0,782.0,375.0,3
1700240514,452.0,300.0,782.0,375.0,3
1700240514,449.0,306.0,782.0,375.0,3
1700240514,447.0,311.0,782.0,375.0,3
1700240514,447.0,312.0,782.0,375.0,3
1700240514,448.0,312.0,782.0,375.0,3
1700240514,449.0,312.0,782.0,375.0,3
1700240514,449.0,312.0,782.0,375.0,3
1700240514,449.0,313.0,782.0,375.0,3
1700240514,451.0,311.0,782.0,375.0,3
1700240514,462.0,296.0,782.0,375.0,3
1700240514,483.0,262.0,782.0,375.0,3
1700240514,503.0,230.0,782.0,375.0,3
1700240514,519.0,205.0,782.0,375.0,3
1700240514,529.0,190.0,782.0,375.0,3
1700240514,538.0,181.0,782.0,375.0,3
1700240514,543.0,177.0,782.0,375.0,3
1700240514,546.0,176.0,782.0,375.0,3
1700240514,548.0,174.0,782.0,375.0,3
1700240514,548.0,174.0,782.0,375.0,3
1700240514,549.0,175.0,782.0,375.0,3
1700240514,543.0,181.0,782.0,375.0,3
1700240514,524.0,200.0,782.0,375.0,3
1700240514,485.0,236.0,782.0,375.0,3
1700240514,450.0,271.0,782.0,375.0,3
1700240514,424.0,298.0,782.0,375.0,3
1700240514,404.0,317.0,782.0,375.0,3
1700240514,392.0,332.0,782.0,375.0,3
1700240514,385.0,342.0,782.0,375.0,3
1700240514,381.0,347.0,782.0,375.0,3
1700240514,378.0,350.0,782.0,375.0,3
1700240514,377.0,354.0,782.0,375.0,3
1700240514,686.0,58.0,680.0,84.0,3
1700240514,683.0,60.0,669.0,84.0,3
1700240514,680.0,62.0,664.0,82.0,3
1700240514,677.0,65.0,663.0,81.0,3
1700240514,675.0,69.0,663.0,81.0,3
1700240514,673.0,73.0,661.0,81.0,3
1700240514,670.0,76.0,657.0,79.0,3
1700240514,668.0,80.0,647.0,71.0,3
1700240514,666.0,83.0,643.0,69.0,3
1700240514,656.0,95.0,642.0,69.0,3
1700240514,609.0,153.0,642.0,69.0,0
1700240514,548.0,240.0,642.0,69.0,0
1700240514,512.0,300.0,642.0,69.0,0
1700240514,492.0,332.0,642.0,69.0,3
1700240514,479.0,349.0,641.0,90.0,3
1700240514,471.0,358.0,653.0,187.0,3
1700240514,466.0,364.0,673.0,299.0,3
1700240514,463.0,367.0,675.0,383.0,3
1700240514,462.0,370.0,659.0,423.0,3
1700240514,461.0,372.0,636.0,454.0,3
1700240514,459.0,372.0,615.0,469.0,3
1700240514,458.0,374.0,604.0,474.0,3
1700240514,422.0,260.0,601.0,480.0,3
1700240514,422.0,260.0,601.0,480.0,3
1700240514,421.0,261.0,601.0,480.0,3
1700240514,420.0,262.0,601.0,480.0,3
1700240514,419.0,263.0,601.0,480.0,3
1700240514,419.0,264.0,601.0,480.0,3
1700240514,418.0,265.0,601.0,480.0,3
1700240514,417.0,267.0,601.0,480.0,3
1700240514,416.0,269.0,601.0,480.0,3
1700240514,416.0,271.0,601.0,480.0,3
1700240514,415.0,273.0,601.0,480.0,3
1700240514,415.0,275.0,601.0,480.0,3
1700240514,415.0,278.0,601.0,480.0,3
1700240514,414.0,280.0,601.0,480.0,3
1700240514,414.0,283.0,601.0,480.0,3
1700240514,414.0,286.0,601.0,480.0,3
1700240514,413.0,288.0,601.0,480.0,3
1700240514,413.0,291.0,601.0,480.0,3
1700240514,413.0,293.0,601.0,480.0,3
1700240514,412.0,295.0,601.0,480.0,3
1700240514,413.0,297.0,601.0,480.0,3
1700240514,416.0,294.0,601.0,480.0,3
1700240514,419.0,291.0,601.0,480.0,3
1700240514,424.0,287.0,601.0,480.0,3
1700240514,429.0,283.0,601.0,480.0,3
1700240514,434.0,280.0,601.0,480.0,3
1700240514,439.0,278.0,601.0,480.0,3
1700240514,444.0,277.0,601.0,480.0,3
1700240514,447.0,277.0,601.0,480.0,3
1700240514,450.0,276.0,601.0,480.0,3
1700240514,453.0,276.0,601.0,480.0,3
1700240514,455.0,275.0,601.0,480.0,3
1700240514,457.0,276.0,601.0,480.0,3
1700240514,399.0,400.0,502.0,445.0,3
1700240514,410.0,402.0,505.0,445.0,3
1700240514,422.0,404.0,505.0,445.0,3
1700240514,432.0,407.0,505.0,445.0,3
1700240514,440.0,409.0,505.0,445.0,0
1700240514,676.0,493.0,733.0,434.0,3
1700240514,679.0,488.0,733.0,434.0,0
1700240514,684.0,484.0,733.0,434.0,0
1700240514,689.0,482.0,733.0,434.0,0
1700240514,689.0,477.0,733.0,434.0,3
1700240514,693.0,477.0,733.0,434.0,3
1700240514,690.0,474.0,733.0,434.0,3
1700240514,679.0,465.0,733.0,434.0,3
1700240514,681.0,458.0,733.0,434.0,3
1700240514,686.0,448.0,726.0,435.0,3
1700240514,682.0,433.0,720.0,435.0,3
1700240514,676.0,419.0,719.0,435.0,3
1700240514,672.0,408.0,719.0,435.0,3
1700240514,671.0,403.0,717.0,435.0,3
1700240514,671.0,400.0,713.0,435.0,3
1700240514,670.0,398.0,707.0,435.0,3
1700240514,670.0,396.0,704.0,435.0,3
1700240514,670.0,395.0,702.0,435.0,3
1700240514,669.0,395.0,702.0,435.0,3
1700240514,669.0,395.0,702.0,435.0,3
1700240514,669.0,394.0,702.0,435.0,3
1700240514,670.0,394.0,702.0,435.0,0
1700240514,670.0,395.0,702.0,435.0,0
1700240514,673.0,394.0,702.0,435.0,3
1700240514,678.0,393.0,702.0,435.0,3
1700240514,683.0,393.0,702.0,435.0,3
1700240514,687.0,392.0,702.0,435.0,0
1700240514,691.0,392.0,702.0,435.0,0
1700240514,694.0,393.0,702.0,435.0,0
1700240514,713.0,405.0,702.0,435.0,3
1700240514,713.0,405.0,702.0,435.0,3
1700240514,713.0,404.0,702.0,435.0,3
1700240514,712.0,403.0,679.0,435.0,3
1700240514,710.0,401.0,670.0,435.0,3
1700240514,713.0,428.0,669.0,435.0,3
1700240514,636.0,449.0,944.0,277.0,3
1700240514,630.0,444.0,944.0,277.0,3
1700240514,622.0,447.0,944.0,277.0,3
1700240514,609.0,445.0,944.0,277.0,3
1700240514,609.0,451.0,944.0,277.0,3
1700240514,603.0,442.0,944.0,277.0,3
1700240514,605.0,439.0,944.0,277.0,3
1700240514,606.0,436.0,944.0,277.0,3
1700240514,611.0,435.0,944.0,277.0,3
1700240514,619.0,428.0,944.0,277.0,3
1700240514,629.0,418.0,944.0,277.0,3
1700240514,632.0,419.0,944.0,277.0,3
1700240514,636.0,418.0,944.0,277.0,3
1700240514,640.0,432.0,944.0,277.0,3
1700240514,637.0,414.0,944.0,277.0,3
1700240514,634.0,411.0,944.0,277.0,3
1700240514,629.0,405.0,944.0,277.0,3
1700240514,621.0,402.0,944.0,277.0,3
1700240514,620.0,405.0,944.0,277.0,3
1700240514,622.0,404.0,944.0,277.0,3
1700240514,625.0,404.0,944.0,277.0,3
1700240514,621.0,408.0,944.0,277.0,3
1700240514,612.0,416.0,944.0,277.0,3
1700240514,605.0,424.0,944.0,277.0,3
1700240514,604.0,422.0,944.0,277.0,3
1700240514,609.0,420.0,944.0,277.0,3
1700240514,621.0,419.0,944.0,277.0,3
1700240514,631.0,419.0,944.0,277.0,3
1700240514,637.0,416.0,944.0,277.0,3
1700240514,640.0,417.0,944.0,277.0,3
1700240514,640.0,419.0,944.0,277.0,3
1700240514,651.0,421.0,944.0,277.0,3
1700240514,652.0,422.0,944.0,277.0,3
1700240514,657.0,418.0,944.0,277.0,3
1700240514,721.0,492.0,944.0,277.0,3
1700240514,686.0,496.0,944.0,277.0,3
1700240514,684.0,497.0,944.0,277.0,3
1700240514,701.0,491.0,944.0,277.0,3
1700240514,717.0,484.0,944.0,277.0,3
1700240514,711.0,480.0,944.0,277.0,3
1700240514,710.0,481.0,944.0,277.0,3
1700240514,708.0,481.0,944.0,277.0,3
1700240514,708.0,476.0,944.0,277.0,3
1700240514,708.0,477.0,944.0,277.0,3
1700240514,708.0,478.0,944.0,277.0,3
1700240514,704.0,475.0,944.0,277.0,3
1700240514,696.0,466.0,944.0,277.0,3
1700240514,694.0,464.0,944.0,277.0,3
1700240514,690.0,456.0,944.0,277.0,3
1700240514,685.0,456.0,944.0,277.0,3
1700240514,683.0,451.0,944.0,277.0,3
1700240514,678.0,452.0,944.0,277.0,3
1700240514,677.0,454.0,944.0,277.0,3
1700240514,1299.0,202.0,1513.0,192.0,3
1700240514,699.0,654.0,1318.0,299.0,3
1700240514,684.0,642.0,1318.0,299.0,3
1700240514,676.0,631.0,1318.0,299.0,3
1700240514,674.0,605.0,1318.0,299.0,3
1700240514,666.0,579.0,1318.0,299.0,3
1700240514,659.0,562.0,1318.0,299.0,3
1700240514,649.0,552.0,1318.0,299.0,3
1700240514,649.0,546.0,1318.0,299.0,3
1700240514,650.0,542.0,1318.0,299.0,3
1700240514,651.0,539.0,1318.0,299.0,3
1700240514,657.0,543.0,1318.0,299.0,3
1700240514,657.0,543.0,1318.0,299.0,3
1700240514,652.0,539.0,1318.0,299.0,3
1700240514,647.0,537.0,1318.0,299.0,3
1700240514,649.0,538.0,1318.0,299.0,3
1700240514,651.0,540.0,1318.0,299.0,3
1700240514,649.0,539.0,1318.0,299.0,3
1700240514,646.0,539.0,1318.0,299.0,3
1700240514,646.0,537.0,1318.0,299.0,3
1700240514,646.0,538.0,1318.0,299.0,3
1700240514,644.0,535.0,1318.0,299.0,3
1700240514,643.0,531.0,1318.0,299.0,3
1700240514,636.0,522.0,1318.0,299.0,3
1700240514,634.0,510.0,1318.0,299.0,3
1700240514,636.0,503.0,1318.0,299.0,3
1700240514,639.0,488.0,1318.0,299.0,3
1700240514,643.0,468.0,1318.0,299.0,3
1700240514,645.0,449.0,1318.0,299.0,3
1700240514,647.0,437.0,1318.0,299.0,3
1700240514,649.0,430.0,1318.0,299.0,3
1700240514,650.0,426.0,1318.0,299.0,3
1700240514,651.0,423.0,1318.0,299.0,3
1700240514,651.0,420.0,1318.0,299.0,3
1700240514,652.0,418.0,1318.0,299.0,3
1700240514,652.0,418.0,1318.0,299.0,3
1700240514,652.0,417.0,1318.0,299.0,3
1700240514,659.0,416.0,1318.0,299.0,3
1700240514,676.0,414.0,1318.0,299.0,3
1700240514,696.0,412.0,1318.0,299.0,3
1700240514,714.0,410.0,1318.0,299.0,3
1700240514,731.0,409.0,1318.0,299.0,3
1700240514,744.0,407.0,1318.0,299.0,3
1700240514,755.0,406.0,1318.0,299.0,3
1700240514,764.0,404.0,1318.0,299.0,3
1700240514,770.0,403.0,1318.0,299.0,3
1700240514,775.0,402.0,1318.0,299.0,3
1700240514,794.0,394.0,1318.0,299.0,3
1700240514,835.0,466.0,1318.0,299.0,3
1700240514,831.0,459.0,1318.0,299.0,3
1700240514,835.0,457.0,1318.0,299.0,3
1700240514,916.0,479.0,1318.0,299.0,3
1700240514,1025.0,491.0,1318.0,299.0,3
1700240514,1100.0,491.0,1318.0,299.0,3
1700240514,1127.0,495.0,1318.0,299.0,3
1700240514,1156.0,494.0,1318.0,299.0,3
1700240514,1181.0,485.0,1318.0,299.0,3
1700240514,1189.0,471.0,1318.0,299.0,3
1700240514,1191.0,470.0,1318.0,299.0,3
1700240514,1196.0,471.0,1318.0,299.0,3
1700240514,1201.0,466.0,1318.0,299.0,3
1700240514,1194.0,460.0,1318.0,299.0,3
1700240514,1195.0,453.0,1318.0,299.0,3
1700240514,1193.0,444.0,1318.0,299.0,3
1700240514,1192.0,436.0,1318.0,299.0,3
1700240514,1193.0,433.0,1318.0,299.0,3
1700240514,1193.0,428.0,1318.0,299.0,3
1700240514,1191.0,426.0,1318.0,299.0,3
1700240514,1189.0,424.0,1318.0,299.0,3
1700240514,1188.0,420.0,1318.0,299.0,3
1700240514,1189.0,415.0,1318.0,299.0,3
1700240514,1203.0,409.0,1318.0,299.0,3
1700240514,1230.0,397.0,1318.0,299.0,3
1700240514,1254.0,384.0,1318.0,299.0,3
1700240514,1274.0,373.0,1318.0,299.0,3
1700240514,1291.0,367.0,1318.0,299.0,3
1700240514,1302.0,365.0,1318.0,299.0,3
1700240514,1310.0,366.0,1318.0,299.0,3
1700240514,1315.0,367.0,1318.0,299.0,3
1700240514,1319.0,367.0,1318.0,299.0,3
1700240514,1322.0,366.0,1318.0,299.0,3
1700240514,1033.0,403.0,1318.0,299.0,3
1700240514,1031.0,392.0,1318.0,299.0,3
1700240514,1028.0,384.0,1318.0,299.0,3
1700240514,1030.0,374.0,1318.0,299.0,3
1700240514,1028.0,360.0,1318.0,299.0,3
1700240514,988.0,363.0,1318.0,299.0,3
1700240514,929.0,381.0,1318.0,299.0,3
1700240514,874.0,397.0,1318.0,299.0,3
1700240514,831.0,405.0,1318.0,299.0,3
1700240514,803.0,410.0,1318.0,299.0,3
1700240514,780.0,417.0,1318.0,299.0,3
1700240514,766.0,422.0,1318.0,299.0,3
1700240514,757.0,423.0,1318.0,299.0,3
1700240514,752.0,426.0,1318.0,299.0,3
1700240514,749.0,430.0,1318.0,299.0,3
1700240514,746.0,434.0,1318.0,299.0,3
1700240514,745.0,438.0,1318.0,299.0,3
1700240514,743.0,439.0,1318.0,299.0,3
1700240514,742.0,441.0,1318.0,299.0,3
1700240514,739.0,440.0,1318.0,299.0,3
1700240514,734.0,439.0,1318.0,299.0,3
1700240514,729.0,438.0,1318.0,299.0,3
1700240514,725.0,436.0,1318.0,299.0,3
1700240514,722.0,435.0,1318.0,299.0,3
1700240514,719.0,434.0,1318.0,299.0,3
1700240514,717.0,433.0,1318.0,299.0,3
1700240514,716.0,432.0,1318.0,299.0,3
1700240514,714.0,431.0,1318.0,299.0,3
1700240514,713.0,432.0,1318.0,299.0,3
1700240514,716.0,431.0,1318.0,299.0,3
1700240514,750.0,413.0,1318.0,299.0,3
1700240514,858.0,350.0,1318.0,299.0,3
1700240514,964.0,287.0,1318.0,299.0,3
1700240514,1032.0,248.0,1318.0,299.0,3
1700240514,1069.0,228.0,1318.0,299.0,3
1700240514,1090.0,214.0,1318.0,299.0,3
1700240514,1102.0,207.0,1318.0,299.0,3
1700240514,1107.0,201.0,1318.0,299.0,3
1700240514,1112.0,200.0,1318.0,299.0,3
1700240514,1140.0,194.0,1318.0,299.0,3
1700240514,1207.0,186.0,1318.0,299.0,3
1700240514,1272.0,178.0,1318.0,299.0,3
1700240514,1319.0,174.0,1318.0,299.0,3
1700240514,1347.0,169.0,1318.0,299.0,3
1700240514,1366.0,165.0,1318.0,299.0,3
1700240514,1378.0,162.0,1318.0,299.0,3
1700240514,1384.0,161.0,1318.0,299.0,3
1700240514,1377.0,152.0,1318.0,299.0,3
1700240514,1368.0,219.0,1318.0,299.0,3
1700240514,1366.0,217.0,1318.0,299.0,3
1700240514,1365.0,213.0,1318.0,299.0,3
1700240514,1360.0,207.0,1318.0,230.0,3
1700240514,1355.0,200.0,1300.0,149.0,3
1700240514,1354.0,196.0,1294.0,74.0,3
1700240514,1353.0,195.0,1304.0,32.0,3
1700240514,1344.0,194.0,1311.0,16.0,3
1700240514,1324.0,192.0,1312.0,14.0,3
1700240514,1303.0,189.0,1312.0,29.0,3
1700240514,1284.0,186.0,1299.0,165.0,3
1700240514,1267.0,184.0,1280.0,307.0,3
1700240514,1253.0,184.0,1276.0,359.0,3
1700240514,1244.0,184.0,1276.0,359.0,3
1700240514,1238.0,182.0,1289.0,313.0,3
1700240514,1233.0,181.0,1294.0,265.0,3
1700240514,1230.0,180.0,1297.0,262.0,3
1700240514,1228.0,180.0,1351.0,270.0,3
1700240514,1226.0,179.0,1423.0,274.0,3
1700240514,1219.0,185.0,1492.0,262.0,3
1700240514,1174.0,262.0,1491.0,257.0,3
1700240514,1054.0,537.0,1394.0,269.0,3
1700240514,937.0,858.0,1288.0,352.0,3
1700240514,894.0,1013.0,1136.0,518.0,3
1700240514,876.0,1066.0,1048.0,690.0,3
1700240514,878.0,1086.0,1025.0,788.0,3
1700240514,869.0,1091.0,1024.0,828.0,3
1700240514,866.0,1088.0,1024.0,833.0,3
1700240514,869.0,1087.0,1050.0,821.0,3
1700240514,869.0,1088.0,1067.0,783.0,3
1700240514,870.0,1085.0,1069.0,774.0,3
1700240514,870.0,1084.0,1069.0,774.0,3
1700240514,870.0,1084.0,1069.0,774.0,3
1700240514,867.0,1086.0,1069.0,774.0,3
1700240514,883.0,1161.0,1068.0,782.0,3
1700240514,3915.0,842.0,952.0,1035.0,3
1700240514,3507.0,880.0,952.0,1035.0,3
1700240514,2982.0,945.0,952.0,1035.0,3
1700240514,2946.0,947.0,952.0,1035.0,3
1700240514,3318.0,896.0,952.0,1035.0,3
1700240514,2932.0,956.0,952.0,1035.0,3
1700240514,2657.0,991.0,952.0,1035.0,3
1700240514,2735.0,977.0,952.0,1035.0,3
1700240514,2572.0,1001.0,952.0,1035.0,3
1700240514,3121.0,928.0,3341.0,925.0,3
1700240514,3170.0,924.0,3358.0,921.0,3
1700240514,3251.0,927.0,3383.0,914.0,3
1700240514,3324.0,933.0,3440.0,904.0,3
1700240514,3381.0,933.0,3478.0,900.0,3
1700240514,3420.0,934.0,3507.0,903.0,3
1700240514,3447.0,934.0,3511.0,908.0,3
1700240514,3463.0,933.0,3511.0,914.0,3
1700240514,3474.0,935.0,3513.0,941.0,3
1700240514,3482.0,936.0,3518.0,960.0,3
1700240514,3490.0,938.0,3520.0,965.0,3
1700240514,3494.0,940.0,3523.0,965.0,3
1700240514,3497.0,941.0,3528.0,965.0,3
1700240514,3502.0,942.0,3531.0,965.0,3
1700240514,3505.0,941.0,3540.0,961.0,3
1700240514,3508.0,942.0,3546.0,958.0,3
1700240514,3510.0,942.0,3552.0,957.0,3
1700240514,3511.0,942.0,3561.0,957.0,3
1700240514,3512.0,942.0,3565.0,957.0,3
1700240514,3513.0,943.0,3566.0,957.0,3
1700240514,3514.0,942.0,3566.0,957.0,3
1700240514,3516.0,942.0,3566.0,957.0,3
1700240514,3517.0,943.0,3566.0,957.0,3
1700240514,3518.0,943.0,3566.0,957.0,3
1700240514,3519.0,943.0,3566.0,957.0,3
1700240514,3520.0,943.0,3566.0,957.0,3
1700240514,3520.0,943.0,3566.0,957.0,3
1700240514,3519.0,943.0,3566.0,957.0,3
1700240514,3495.0,943.0,3566.0,957.0,3
1700240514,2678.0,989.0,3030.0,954.0,3
1700240514,2633.0,993.0,3030.0,954.0,3
1700240514,2568.0,991.0,3030.0,954.0,3
1700240514,2471.0,935.0,3030.0,954.0,3
1700240514,2353.0,728.0,3030.0,954.0,3
1700240514,2258.0,647.0,3030.0,954.0,3
1700240514,2204.0,591.0,3030.0,954.0,0
1700240514,2175.0,550.0,3030.0,954.0,0
1700240514,2148.0,569.0,3030.0,954.0,0
1700240514,2143.0,535.0,3030.0,954.0,0
1700240514,2122.0,560.0,3030.0,954.0,3
1700240514,2129.0,541.0,3030.0,954.0,3
1700240514,2105.0,516.0,3030.0,954.0,3
1700240514,2107.0,520.0,3015.0,954.0,3
1700240514,2109.0,526.0,2976.0,954.0,3
1700240514,2106.0,533.0,2933.0,940.0,3
1700240514,2106.0,551.0,2846.0,904.0,3
1700240514,2110.0,574.0,2794.0,881.0,3
1700240514,2119.0,597.0,2794.0,879.0,3
1700240514,2124.0,618.0,2794.0,879.0,3
1700240514,2127.0,635.0,2794.0,879.0,3
1700240514,2126.0,655.0,2794.0,879.0,3
1700240514,2118.0,668.0,2803.0,875.0,3
1700240514,2118.0,672.0,2751.0,851.0,3
1700240514,2134.0,698.0,2561.0,805.0,3
1700240514,2137.0,717.0,2374.0,775.0,3
1700240514,2134.0,731.0,2277.0,764.0,3
1700240514,2129.0,739.0,2252.0,762.0,3
1700240514,2124.0,745.0,2242.0,757.0,3
1700240514,2118.0,751.0,2214.0,741.0,3
1700240514,2113.0,753.0,2186.0,725.0,3
1700240514,2107.0,754.0,2172.0,720.0,3
1700240514,2104.0,757.0,2171.0,720.0,3
1700240514,2100.0,754.0,2170.0,720.0,3
1700240514,2096.0,753.0,2161.0,725.0,3
1700240514,2093.0,753.0,2151.0,729.0,3
1700240514,2091.0,753.0,2136.0,729.0,3
1700240514,2092.0,740.0,2117.0,729.0,3
1700240514,2775.0,315.0,2833.0,433.0,3
1700240514,2829.0,280.0,2833.0,433.0,3
1700240514,2895.0,236.0,2788.0,458.0,3
1700240514,2944.0,206.0,2645.0,519.0,3
1700240514,2959.0,191.0,2458.0,597.0,3
1700240514,2910.0,202.0,2278.0,672.0,3
1700240514,2793.0,262.0,2194.0,707.0,3
1700240514,2475.0,449.0,2127.0,730.0,3
1700240514,2241.0,599.0,2093.0,735.0,3
1700240514,2137.0,664.0,2057.0,737.0,3
1700240514,2090.0,687.0,2031.0,736.0,3
1700240514,2068.0,701.0,2026.0,735.0,3
1700240514,2059.0,708.0,2026.0,735.0,3
1700240514,2055.0,717.0,2026.0,735.0,3
1700240514,2052.0,720.0,2025.0,734.0,3
1700240514,2054.0,713.0,2026.0,732.0,3
1700240514,2055.0,709.0,2047.0,729.0,3
1700240514,2055.0,707.0,2076.0,725.0,3
1700240514,2056.0,705.0,2088.0,723.0,3
1700240514,2058.0,705.0,2088.0,723.0,3
1700240514,2063.0,705.0,2088.0,723.0,3
1700240514,2066.0,707.0,2088.0,723.0,3
1700240514,2069.0,708.0,2088.0,723.0,3
1700240514,2071.0,709.0,2088.0,723.0,3
1700240514,2072.0,709.0,2088.0,723.0,0
1700240514,2074.0,708.0,2088.0,722.0,0
1700240514,2075.0,707.0,2088.0,722.0,0
1700240514,2077.0,707.0,2088.0,722.0,3
1700240514,2078.0,707.0,2088.0,722.0,3
1700240514,2078.0,707.0,2086.0,732.0,3
1700240514,2079.0,707.0,2084.0,739.0,3
1700240514,2080.0,705.0,2084.0,744.0,3
1700240514,2081.0,704.0,2086.0,748.0,3
1700240514,2083.0,703.0,2086.0,748.0,3
1700240514,2084.0,704.0,2086.0,748.0,3
1700240514,2086.0,704.0,2086.0,748.0,3
1700240514,2086.0,704.0,2086.0,748.0,3
1700240514,2085.0,704.0,2086.0,748.0,3
1700240514,2084.0,705.0,2086.0,748.0,3
1700240514,2083.0,705.0,2086.0,748.0,3
1700240514,2082.0,707.0,2086.0,748.0,3
1700240514,2080.0,708.0,2086.0,748.0,3
1700240514,2078.0,709.0,2086.0,748.0,3
1700240514,2076.0,711.0,2086.0,748.0,3
1700240514,2075.0,713.0,2085.0,747.0,3
1700240514,2074.0,713.0,2085.0,747.0,3
1700240514,2072.0,713.0,2085.0,747.0,3
1700240514,2071.0,714.0,2085.0,747.0,3
1700240514,2070.0,714.0,2085.0,747.0,3
1700240514,2085.0,795.0,2084.0,746.0,3
1700240514,2084.0,798.0,2084.0,746.0,3
1700240514,2083.0,804.0,2084.0,746.0,0
1700240514,2086.0,804.0,2084.0,746.0,0
1700240514,2087.0,802.0,2084.0,746.0,0
1700240514,2089.0,800.0,2084.0,746.0,3
1700240514,2034.0,806.0,2084.0,746.0,3
1700240514,2036.0,803.0,2084.0,746.0,3
1700240514,2037.0,799.0,2083.0,745.0,3
1700240514,2038.0,793.0,2083.0,749.0,3
1700240514,2040.0,788.0,2084.0,757.0,3
1700240514,2040.0,782.0,2084.0,759.0,3
1700240514,2040.0,776.0,2085.0,760.0,3
1700240514,2043.0,769.0,2085.0,760.0,3
1700240514,2051.0,764.0,2085.0,760.0,3
1700240514,2056.0,758.0,2085.0,760.0,3
1700240514,2065.0,750.0,2085.0,760.0,3
1700240514,2068.0,745.0,2085.0,760.0,3
1700240514,2073.0,742.0,2085.0,760.0,3
1700240514,2077.0,739.0,2085.0,760.0,3
1700240514,2079.0,738.0,2085.0,760.0,3
1700240514,2112.0,711.0,2085.0,760.0,3
1700240514,2268.0,527.0,2085.0,760.0,0
1700240514,2451.0,285.0,2085.0,760.0,0
1700240514,2543.0,166.0,2085.0,760.0,0
1700240514,2583.0,124.0,2085.0,760.0,3
1700240514,2600.0,115.0,2085.0,760.0,3
1700240514,2607.0,111.0,2085.0,760.0,3
1700240514,2611.0,112.0,2085.0,760.0,3
1700240514,2614.0,115.0,2085.0,760.0,3
1700240514,2620.0,117.0,2085.0,760.0,3
1700240514,2621.0,118.0,2085.0,760.0,3
1700240514,2623.0,121.0,2088.0,760.0,3
1700240514,2622.0,124.0,2110.0,741.0,3
1700240514,2623.0,126.0,2207.0,665.0,3
1700240514,2624.0,128.0,2366.0,576.0,3
1700240514,2634.0,133.0,2511.0,526.0,3
1700240514,2662.0,142.0,2689.0,485.0,3
1700240514,2696.0,153.0,2811.0,469.0,3
1700240514,2726.0,162.0,2841.0,466.0,3
1700240514,2750.0,167.0,2841.0,466.0,3
1700240514,2768.0,171.0,2841.0,466.0,3
1700240514,2781.0,175.0,2841.0,466.0,0
1700240514,2782.0,179.0,2841.0,466.0,0
1700240514,2781.0,183.0,2841.0,466.0,0
1700240514,2781.0,187.0,2841.0,466.0,0
1700240514,2778.0,191.0,2841.0,466.0,3
1700240514,2778.0,195.0,2841.0,466.0,3
1700240514,2777.0,198.0,2841.0,466.0,3
1700240514,2778.0,201.0,2840.0,466.0,3
1700240514,2776.0,206.0,2834.0,466.0,3
1700240514,2774.0,210.0,2825.0,468.0,3
1700240514,2774.0,214.0,2820.0,468.0,3
1700240514,2772.0,217.0,2815.0,468.0,3
1700240514,2774.0,219.0,2809.0,468.0,3
1700240514,2807.0,216.0,2795.0,467.0,3
1700240514,2866.0,207.0,2775.0,466.0,3
1700240514,2922.0,199.0,2749.0,466.0,3
1700240514,2969.0,192.0,2722.0,466.0,3
1700240514,3002.0,185.0,2704.0,466.0,3
1700240514,3023.0,183.0,2675.0,466.0,3
1700240514,3036.0,180.0,2630.0,466.0,3
1700240514,3045.0,179.0,2580.0,466.0,3
1700240514,3051.0,177.0,2551.0,466.0,3
1700240514,3056.0,175.0,2519.0,469.0,3
1700240514,3059.0,174.0,2487.0,479.0,3
1700240514,3064.0,173.0,2456.0,493.0,3
1700240514,3067.0,172.0,2420.0,512.0,3
1700240514,3069.0,171.0,2385.0,532.0,3
1700240514,3071.0,171.0,2330.0,564.0,3
1700240514,3073.0,170.0,2289.0,587.0,3
1700240514,3074.0,169.0,2265.0,597.0,3
1700240514,3095.0,169.0,2256.0,600.0,3
1700240514,3163.0,165.0,2235.0,605.0,3
1700240514,3242.0,159.0,2204.0,610.0,3
1700240514,3297.0,154.0,2191.0,613.0,3
1700240514,2956.0,776.0,3013.0,983.0,3
1700240514,2929.0,820.0,3012.0,977.0,3
1700240514,2900.0,876.0,2995.0,975.0,3
1700240514,2886.0,918.0,2959.0,989.0,3
1700240514,2874.0,942.0,2900.0,1019.0,3
1700240514,2859.0,910.0,2846.0,1038.0,3
1700240514,2822.0,1010.0,2816.0,1044.0,3
1700240514,2781.0,1032.0,2804.0,1045.0,3
1700240514,2747.0,1047.0,2792.0,1045.0,3
1700240514,2728.0,994.0,2779.0,1044.0,3
1700240514,2702.0,1061.0,2759.0,1040.0,3
1700240514,2691.0,1062.0,2734.0,1037.0,3
1700240514,2684.0,1060.0,2730.0,1037.0,3
1700240514,2670.0,1050.0,2730.0,1037.0,3
1700240514,2661.0,1045.0,2727.0,1037.0,3
1700240514,2487.0,1072.0,2450.0,1055.0,3
1700240514,2480.0,1071.0,2447.0,1055.0,3
1700240514,2469.0,1064.0,2446.0,1055.0,3
1700240514,2532.0,974.0,2442.0,1057.0,3
1700240514,2589.0,904.0,2441.0,1057.0,3
1700240514,2479.0,1008.0,2441.0,1057.0,3
1700240514,2450.0,1030.0,2441.0,1057.0,3
1700240514,2394.0,1060.0,2441.0,1057.0,0
1700240514,2442.0,971.0,2441.0,1057.0,0
1700240514,2541.0,774.0,2441.0,1057.0,0
1700240514,2573.0,613.0,2441.0,1057.0,3
1700240514,2590.0,519.0,2441.0,1057.0,3
1700240514,2597.0,470.0,2441.0,1057.0,3
1700240514,2599.0,456.0,2441.0,1057.0,3
1700240514,2600.0,447.0,2441.0,1057.0,3
1700240514,2603.0,438.0,2441.0,1057.0,3
1700240514,2604.0,435.0,2441.0,1057.0,3
1700240514,2603.0,432.0,2441.0,1057.0,3
1700240514,2603.0,432.0,2441.0,1057.0,3
1700240514,2603.0,432.0,2441.0,1057.0,3
1700240514,2605.0,434.0,2441.0,1057.0,3
1700240514,2608.0,435.0,2441.0,1057.0,3
1700240514,2608.0,436.0,2441.0,1057.0,3
1700240514,2609.0,437.0,2439.0,1058.0,3
1700240514,2609.0,438.0,2439.0,1058.0,3
1700240514,2609.0,438.0,2437.0,1058.0,3
1700240514,2609.0,438.0,2435.0,1057.0,3
1700240514,2605.0,450.0,2443.0,998.0,3
1700240514,2578.0,531.0,2496.0,861.0,3
1700240514,2551.0,621.0,2556.0,756.0,3
1700240514,2532.0,683.0,2596.0,712.0,3
1700240514,2520.0,714.0,2611.0,699.0,3
1700240514,2524.0,740.0,2618.0,696.0,3
1700240514,2703.0,369.0,2604.0,271.0,3
1700240514,2713.0,351.0,2693.0,195.0,3
1700240514,2727.0,308.0,2785.0,146.0,3
1700240514,2739.0,260.0,2796.0,133.0,3
1700240514,2747.0,227.0,2776.0,125.0,3
1700240514,2755.0,211.0,2769.0,124.0,3
1700240514,2759.0,200.0,2769.0,123.0,3
1700240514,2761.0,190.0,2769.0,118.0,3
1700240514,2763.0,181.0,2781.0,105.0,3
1700240514,2767.0,173.0,2782.0,103.0,3
1700240514,2770.0,166.0,2772.0,120.0,3
1700240514,2770.0,160.0,2744.0,218.0,3
1700240514,2771.0,156.0,2743.0,343.0,3
1700240514,2771.0,154.0,2771.0,478.0,3
1700240514,2770.0,151.0,2783.0,538.0,3
1700240514,2771.0,148.0,2790.0,570.0,3
1700240514,2772.0,145.0,2812.0,542.0,3
1700240514,2772.0,143.0,2837.0,446.0,3
1700240514,2771.0,143.0,2853.0,372.0,3
1700240514,2766.0,141.0,2871.0,325.0,3
1700240514,2748.0,140.0,2872.0,323.0,3
1700240514,2725.0,137.0,2872.0,323.0,0
1700240514,2706.0,135.0,2872.0,323.0,0
1700240514,2689.0,134.0,2872.0,323.0,0
1700240514,2676.0,133.0,2872.0,323.0,3
1700240514,2666.0,133.0,2876.0,323.0,3
1700240514,2659.0,133.0,2876.0,348.0,3
1700240514,2653.0,133.0,2876.0,369.0,3
1700240514,2648.0,133.0,2876.0,369.0,3
1700240514,2644.0,133.0,2893.0,384.0,3
1700240514,2660.0,123.0,2912.0,365.0,3
1700240514,2756.0,167.0,2808.0,114.0,3
1700240514,2782.0,170.0,2881.0,114.0,3
1700240514,2834.0,180.0,2894.0,112.0,3
1700240514,2876.0,184.0,2896.0,111.0,3
1700240514,2907.0,187.0,2899.0,109.0,3
1700240514,2928.0,185.0,2902.0,109.0,3
1700240514,2950.0,196.0,2913.0,107.0,3
1700240514,2957.0,195.0,2941.0,107.0,3
1700240514,2959.0,197.0,2966.0,104.0,3
1700240514,2960.0,196.0,2977.0,101.0,3
1700240514,2966.0,194.0,2986.0,99.0,3
1700240514,2968.0,189.0,2996.0,99.0,3
1700240514,2969.0,184.0,2998.0,99.0,3
1700240514,2968.0,180.0,2998.0,99.0,3
1700240514,2966.0,172.0,2999.0,98.0,3
1700240514,2949.0,176.0,2999.0,98.0,0
1700240514,2898.0,204.0,2999.0,98.0,0
1700240514,2785.0,268.0,2999.0,98.0,0
1700240514,2696.0,320.0,2999.0,98.0,3
1700240514,2680.0,418.0,2999.0,98.0,3
1700240514,2655.0,343.0,2999.0,98.0,3
1700240514,2653.0,330.0,2999.0,98.0,3
1700240514,2636.0,420.0,2999.0,98.0,3
1700240514,2633.0,323.0,2999.0,98.0,3
1700240514,2623.0,323.0,2999.0,98.0,3
1700240514,2619.0,329.0,2999.0,98.0,3
1700240514,2602.0,428.0,2999.0,98.0,3
1700240514,2604.0,443.0,2999.0,98.0,3
1700240514,2616.0,378.0,2995.0,104.0,3
1700240514,2696.0,436.0,2994.0,111.0,3
1700240514,2635.0,409.0,2994.0,112.0,3
1700240514,2808.0,398.0,2994.0,112.0,3
1700240514,2818.0,380.0,2994.0,112.0,3
1700240514,2838.0,355.0,2994.0,112.0,0
1700240514,2871.0,321.0,2994.0,112.0,0
1700240514,2961.0,278.0,2994.0,112.0,0
1700240514,3021.0,239.0,2994.0,112.0,3
1700240514,3002.0,228.0,2994.0,112.0,3
1700240514,3018.0,231.0,2994.0,112.0,3
1700240514,3035.0,234.0,2994.0,112.0,3
1700240514,3023.0,233.0,2994.0,112.0,3
1700240514,2993.0,237.0,2994.0,112.0,3
1700240514,2981.0,238.0,2994.0,112.0,3
1700240514,2967.0,245.0,2994.0,112.0,3
1700240514,2910.0,274.0,2994.0,112.0,3
1700240514,2846.0,294.0,2994.0,112.0,3
1700240514,2796.0,290.0,2994.0,112.0,3
1700240514,2770.0,284.0,2987.0,117.0,3
1700240514,2797.0,402.0,2974.0,123.0,3
1700240514,2880.0,563.0,2900.0,272.0,3
1700240514,2900.0,578.0,2895.0,286.0,3
1700240514,2955.0,635.0,2876.0,293.0,3
1700240514,3293.0,630.0,2923.0,352.0,3
1700240514,3264.0,634.0,2923.0,352.0,3
1700240514,3303.0,635.0,2923.0,352.0,3
1700240514,3340.0,639.0,2923.0,352.0,3
1700240514,3356.0,646.0,2923.0,352.0,3
1700240514,3306.0,666.0,2923.0,352.0,3
1700240514,2598.0,993.0,2995.0,954.0,3
1700240514,2552.0,1014.0,2994.0,956.0,3
1700240514,2473.0,1077.0,2994.0,956.0,3
1700240514,2388.0,1160.0,2994.0,956.0,3
1700240514,2332.0,1229.0,2994.0,956.0,3
1700240514,2425.0,1227.0,2994.0,956.0,3
1700240514,2529.0,1252.0,2994.0,956.0,3
1700240514,2594.0,1219.0,2994.0,956.0,3
1700240514,2614.0,1183.0,2994.0,956.0,3
1700240514,2649.0,1164.0,2994.0,956.0,3
1700240514,2669.0,1122.0,2994.0,956.0,3
1700240514,2677.0,1116.0,2994.0,956.0,3
1700240514,2689.0,1106.0,2994.0,956.0,3
1700240514,2677.0,1094.0,2994.0,956.0,3
1700240514,2658.0,1081.0,2994.0,956.0,3
1700240514,2639.0,1059.0,2994.0,956.0,3
1700240514,2631.0,1033.0,2994.0,956.0,3
1700240514,2622.0,1017.0,2994.0,956.0,3
1700240514,2615.0,1004.0,2994.0,956.0,3
1700240514,2611.0,995.0,2992.0,956.0,3
1700240514,2607.0,989.0,2992.0,956.0,3
1700240514,2606.0,984.0,2992.0,956.0,3
1700240514,2604.0,982.0,2992.0,956.0,3
1700240514,2611.0,981.0,2992.0,956.0,3
1700240514,2620.0,979.0,2991.0,956.0,3
1700240514,2625.0,978.0,2991.0,956.0,3
1700240514,2630.0,979.0,2990.0,956.0,3
1700240514,2632.0,978.0,2989.0,956.0,3
1700240514,2633.0,979.0,2989.0,956.0,3
1700240514,2634.0,979.0,2989.0,956.0,3
1700240514,2635.0,979.0,2989.0,956.0,3
1700240514,2636.0,978.0,2989.0,956.0,3
1700240514,2643.0,976.0,2989.0,956.0,3
1700240514,2652.0,976.0,2989.0,956.0,3
1700240514,2661.0,974.0,2989.0,956.0,3
1700240514,2671.0,974.0,2989.0,956.0,3
1700240514,2693.0,961.0,2986.0,955.0,3
1700240514,2692.0,962.0,2986.0,955.0,3
1700240514,2691.0,963.0,2986.0,955.0,3
1700240514,2693.0,965.0,2986.0,955.0,3
1700240514,2699.0,969.0,2986.0,955.0,3
1700240514,2711.0,966.0,2986.0,955.0,3
1700240514,2773.0,879.0,2986.0,955.0,3
1700240514,2695.0,905.0,2986.0,955.0,3
1700240514,2580.0,941.0,2986.0,955.0,3
1700240514,2499.0,960.0,2986.0,955.0,3
1700240514,2455.0,972.0,2986.0,955.0,3
1700240514,2430.0,980.0,2986.0,955.0,3
1700240514,2415.0,984.0,2986.0,955.0,3
1700240514,2409.0,980.0,2982.0,955.0,3
1700240514,-89.0,968.0,594.0,923.0,3
1700240514,-23.0,958.0,546.0,932.0,3
1700240514,-48.0,967.0,526.0,933.0,3
1700240514,25.0,959.0,525.0,933.0,3
1700240515,-54.0,964.0,525.0,933.0,3
1700240515,-53.0,967.0,524.0,932.0,3
1700240515,-40.0,972.0,524.0,930.0,3
1700240515,-28.0,978.0,531.0,918.0,3
1700240515,-19.0,983.0,538.0,909.0,3
1700240515,-3.0,987.0,545.0,905.0,3
1700240515,1287.0,925.0,2910.0,892.0,3
1700240515,2426.0,987.0,2947.0,895.0,3
1700240515,2453.0,982.0,3006.0,885.0,3
1700240515,2760.0,944.0,3046.0,885.0,3
1700240515,2686.0,943.0,3053.0,885.0,3
1700240515,2737.0,936.0,3056.0,888.0,3
1700240515,2691.0,941.0,3062.0,894.0,3
1700240515,2648.0,944.0,3067.0,899.0,3
1700240515,2700.0,933.0,3069.0,907.0,3
1700240515,2741.0,935.0,3077.0,916.0,3
1700240515,2645.0,391.0,2402.0,219.0,3
1700240515,2629.0,344.0,2418.0,211.0,3
1700240515,2608.0,283.0,2475.0,190.0,3
1700240515,2588.0,226.0,2523.0,152.0,3
1700240515,2571.0,186.0,2541.0,112.0,3
1700240515,2562.0,165.0,2542.0,100.0,3
1700240515,2558.0,151.0,2543.0,91.0,3
1700240515,2558.0,138.0,2543.0,80.0,3
1700240515,2558.0,130.0,2538.0,71.0,3
1700240515,2555.0,122.0,2536.0,70.0,3
1700240515,2552.0,117.0,2535.0,68.0,3
1700240515,2552.0,114.0,2535.0,67.0,3
1700240515,2552.0,111.0,2535.0,67.0,3
1700240515,2551.0,109.0,2535.0,67.0,3
1700240515,2552.0,107.0,2535.0,67.0,3
1700240515,2552.0,103.0,2534.0,65.0,3
1700240515,2551.0,101.0,2534.0,57.0,3
1700240515,2551.0,99.0,2534.0,56.0,3
1700240515,2551.0,98.0,2534.0,56.0,3
1700240515,2550.0,97.0,2534.0,56.0,0
1700240515,2551.0,96.0,2534.0,56.0,0
1700240515,2551.0,95.0,2534.0,56.0,0
1700240515,2552.0,94.0,2534.0,56.0,3
1700240515,2552.0,93.0,2534.0,99.0,3
1700240515,2552.0,92.0,2559.0,210.0,3
1700240515,2552.0,91.0,2611.0,279.0,3
1700240515,2552.0,90.0,2668.0,308.0,3
1700240515,2551.0,90.0,2708.0,324.0,3
1700240515,2550.0,90.0,2738.0,334.0,3
1700240515,2552.0,94.0,2740.0,334.0,3
1700240515,2565.0,126.0,2740.0,334.0,3
1700240515,2657.0,179.0,2740.0,334.0,0
1700240515,2785.0,221.0,2740.0,334.0,0
1700240515,2830.0,254.0,2740.0,334.0,0
1700240515,2762.0,292.0,2740.0,334.0,3
1700240515,2722.0,316.0,2740.0,334.0,3
1700240515,2696.0,330.0,2740.0,334.0,3
1700240515,2679.0,342.0,2740.0,334.0,3
1700240515,2667.0,352.0,2740.0,334.0,3
1700240515,2641.0,351.0,2740.0,334.0,3
1700240515,2676.0,465.0,2740.0,334.0,3
1700240515,2675.0,467.0,2740.0,334.0,3
1700240515,2673.0,467.0,2740.0,334.0,3
1700240515,2671.0,467.0,2740.0,334.0,3
1700240515,2671.0,466.0,2740.0,334.0,3
1700240515,2527.0,489.0,2710.0,471.0,3
1700240515,2528.0,490.0,2713.0,467.0,3
1700240515,2734.0,492.0,2718.0,462.0,3
1700240515,2544.0,491.0,2718.0,462.0,3
1700240515,2556.0,492.0,2718.0,462.0,3
1700240515,2739.0,502.0,2718.0,462.0,0
1700240515,2590.0,508.0,2718.0,462.0,0
1700240515,2607.0,519.0,2718.0,462.0,0
1700240515,2667.0,499.0,2718.0,462.0,3
1700240515,2680.0,518.0,2718.0,462.0,3
1700240515,2808.0,545.0,2718.0,462.0,0
1700240515,2669.0,542.0,2718.0,462.0,0
1700240515,2831.0,599.0,2718.0,462.0,0
1700240515,2845.0,623.0,2718.0,462.0,3
1700240515,2812.0,617.0,2710.0,462.0,3
1700240515,2630.0,575.0,2680.0,462.0,3
1700240515,2692.0,583.0,2643.0,456.0,3
1700240515,2624.0,590.0,2617.0,452.0,3
1700240515,2618.0,594.0,2613.0,450.0,3
1700240515,2616.0,595.0,2611.0,449.0,3
1700240515,2601.0,567.0,2610.0,448.0,3
1700240515,2572.0,564.0,2610.0,447.0,3
1700240515,2565.0,552.0,2608.0,442.0,3
1700240515,2611.0,567.0,2608.0,437.0,3
1700240515,2482.0,530.0,2670.0,457.0,3
1700240515,2483.0,530.0,2669.0,458.0,3
1700240515,2487.0,532.0,2669.0,458.0,3
1700240515,2490.0,528.0,2669.0,458.0,3
1700240515,2495.0,538.0,2668.0,457.0,3
1700240515,2469.0,531.0,2673.0,449.0,3
1700240515,2497.0,546.0,2677.0,443.0,3
1700240515,2510.0,554.0,2678.0,441.0,3
1700240515,2521.0,558.0,2678.0,441.0,3
1700240515,2494.0,569.0,2679.0,440.0,3
1700240515,2522.0,575.0,2681.0,439.0,3
1700240515,2483.0,563.0,2681.0,439.0,3
1700240515,2524.0,579.0,2681.0,439.0,3
1700240515,2563.0,598.0,2681.0,439.0,3
1700240515,2554.0,599.0,2681.0,439.0,3
1700240515,2555.0,608.0,2681.0,439.0,3
1700240515,2563.0,600.0,2682.0,439.0,3
1700240515,2599.0,628.0,2686.0,436.0,3
1700240515,2592.0,607.0,2695.0,432.0,3
1700240515,2607.0,592.0,2711.0,426.0,3
1700240515,2600.0,552.0,2726.0,425.0,3
1700240515,2579.0,531.0,2745.0,428.0,3
1700240515,2504.0,491.0,2754.0,438.0,3
1700240515,2497.0,441.0,2754.0,444.0,3
1700240515,2474.0,429.0,2739.0,457.0,3
1700240515,2474.0,413.0,2687.0,460.0,3
1700240515,2480.0,396.0,2603.0,444.0,3
1700240515,2491.0,376.0,2550.0,429.0,3
1700240515,2496.0,356.0,2546.0,426.0,3
1700240515,2501.0,323.0,2546.0,426.0,3
1700240515,2510.0,290.0,2546.0,426.0,3
1700240515,2505.0,256.0,2546.0,426.0,3
1700240515,2498.0,235.0,2546.0,426.0,3
1700240515,2494.0,221.0,2546.0,426.0,3
1700240515,2490.0,212.0,2546.0,426.0,3
1700240515,2488.0,208.0,2546.0,426.0,3
1700240515,2486.0,207.0,2546.0,426.0,3
1700240515,2486.0,209.0,2546.0,426.0,3
1700240515,2485.0,211.0,2534.0,424.0,3
1700240515,2484.0,212.0,2514.0,420.0,3
1700240515,2484.0,212.0,2512.0,420.0,3
1700240515,2480.0,212.0,2512.0,420.0,3
1700240515,2477.0,213.0,2511.0,420.0,3
1700240515,2474.0,214.0,2511.0,420.0,3
1700240515,2472.0,214.0,2511.0,420.0,3
1700240515,2470.0,215.0,2511.0,420.0,3
1700240515,2468.0,217.0,2511.0,420.0,3
1700240515,2467.0,219.0,2499.0,416.0,3
1700240515,2465.0,222.0,2482.0,415.0,3
1700240515,2466.0,233.0,2481.0,415.0,3
1700240515,2466.0,266.0,2480.0,415.0,3
1700240515,2464.0,305.0,2480.0,415.0,3
1700240515,2463.0,334.0,2480.0,415.0,3
1700240515,2463.0,354.0,2480.0,415.0,3
1700240515,2754.0,482.0,2479.0,413.0,3
1700240515,2752.0,463.0,2479.0,391.0,3
1700240515,2718.0,455.0,2479.0,380.0,3
1700240515,2622.0,501.0,2479.0,380.0,3
1700240515,2599.0,481.0,2479.0,380.0,3
1700240515,2570.0,462.0,2479.0,380.0,3
1700240515,2552.0,436.0,2479.0,380.0,3
1700240515,2529.0,400.0,2479.0,380.0,3
1700240515,2507.0,387.0,2479.0,380.0,3
1700240515,2492.0,367.0,2479.0,380.0,3
1700240515,2499.0,359.0,2479.0,380.0,3
1700240515,2526.0,296.0,2479.0,380.0,3
1700240515,2527.0,297.0,2479.0,380.0,3
1700240515,2529.0,301.0,2479.0,380.0,3
1700240515,2529.0,304.0,2479.0,380.0,3
1700240515,2525.0,310.0,2479.0,380.0,3
1700240515,2519.0,315.0,2479.0,380.0,3
1700240515,2521.0,311.0,2479.0,380.0,3
1700240515,2522.0,316.0,2479.0,380.0,3
1700240515,2525.0,318.0,2479.0,380.0,3
1700240515,2533.0,322.0,2479.0,380.0,3
1700240515,2540.0,320.0,2479.0,380.0,3
1700240515,2544.0,317.0,2479.0,380.0,3
1700240515,2546.0,316.0,2479.0,380.0,3
1700240515,2541.0,314.0,2479.0,380.0,3
1700240515,2543.0,310.0,2479.0,380.0,3
1700240515,2543.0,303.0,2479.0,380.0,3
1700240515,2545.0,289.0,2479.0,380.0,3
1700240515,2550.0,275.0,2479.0,380.0,3
1700240515,2571.0,255.0,2479.0,380.0,3
1700240515,2593.0,235.0,2479.0,380.0,3
1700240515,2611.0,219.0,2479.0,380.0,3
1700240515,2622.0,209.0,2479.0,380.0,3
1700240515,2632.0,203.0,2479.0,380.0,3
1700240515,2637.0,200.0,2479.0,380.0,3
1700240515,2641.0,198.0,2479.0,380.0,3
1700240515,2644.0,197.0,2479.0,380.0,3
1700240515,2647.0,199.0,2479.0,380.0,3
1700240515,2569.0,269.0,2479.0,380.0,3
1700240515,2581.0,283.0,2479.0,380.0,3
1700240515,2571.0,315.0,2479.0,380.0,3
1700240515,2601.0,342.0,2479.0,380.0,3
1700240515,2570.0,338.0,2479.0,380.0,3
1700240515,2562.0,349.0,2479.0,380.0,3
1700240515,2609.0,363.0,2479.0,380.0,3
1700240515,2561.0,365.0,2483.0,379.0,3
1700240515,2636.0,359.0,2486.0,379.0,3
1700240515,2662.0,369.0,2486.0,379.0,3
1700240515,2675.0,371.0,2486.0,379.0,3
1700240515,2677.0,360.0,2486.0,379.0,3
1700240515,2686.0,361.0,2486.0,379.0,3
1700240515,2694.0,365.0,2486.0,379.0,3
1700240515,2697.0,359.0,2486.0,379.0,3
1700240515,2696.0,352.0,2486.0,379.0,3
1700240515,2698.0,352.0,2487.0,379.0,3
1700240515,2601.0,368.0,2497.0,379.0,3
1700240515,2629.0,357.0,2510.0,387.0,3
1700240515,2703.0,359.0,2515.0,389.0,3
1700240515,2703.0,358.0,2515.0,389.0,3
1700240515,2638.0,335.0,2515.0,389.0,3
1700240515,2697.0,360.0,2515.0,389.0,3
1700240515,2621.0,350.0,2515.0,389.0,3
1700240515,2615.0,352.0,2515.0,389.0,3
1700240515,2683.0,376.0,2515.0,389.0,3
1700240515,2605.0,352.0,2515.0,389.0,3
1700240515,2587.0,369.0,2515.0,389.0,3
1700240515,2620.0,490.0,2515.0,389.0,3
1700240515,2626.0,515.0,2530.0,397.0,3
1700240515,2651.0,487.0,2541.0,403.0,3
1700240515,2673.0,482.0,2542.0,403.0,3
1700240515,2684.0,555.0,2542.0,403.0,3
1700240515,2672.0,384.0,2542.0,403.0,3
1700240515,2625.0,477.0,2542.0,403.0,3
1700240515,2626.0,469.0,2542.0,403.0,3
1700240515,2687.0,387.0,2542.0,403.0,3
1700240515,2604.0,445.0,2542.0,403.0,3
1700240515,2596.0,418.0,2542.0,403.0,3
1700240515,2579.0,397.0,2542.0,403.0,3
1700240515,2572.0,377.0,2542.0,403.0,3
1700240515,2585.0,392.0,2542.0,403.0,3
1700240515,2583.0,401.0,2546.0,405.0,3
1700240515,2580.0,408.0,2547.0,405.0,3
1700240515,2607.0,425.0,2550.0,405.0,3
1700240515,2585.0,425.0,2550.0,405.0,3
1700240515,2580.0,426.0,2551.0,405.0,3
1700240515,2555.0,430.0,2552.0,405.0,3
1700240515,2550.0,438.0,2552.0,405.0,3
1700240515,2546.0,437.0,2552.0,405.0,3
1700240515,2542.0,443.0,2552.0,405.0,3
1700240515,2538.0,444.0,2552.0,405.0,3
1700240515,2527.0,438.0,2552.0,405.0,3
1700240515,2530.0,436.0,2552.0,405.0,3
1700240515,2538.0,432.0,2552.0,405.0,3
1700240515,2546.0,433.0,2552.0,405.0,3
1700240515,2548.0,428.0,2552.0,405.0,3
1700240515,2561.0,436.0,2553.0,406.0,3
1700240515,2598.0,467.0,2553.0,406.0,3
1700240515,2609.0,477.0,2553.0,406.0,3
1700240515,2611.0,461.0,2553.0,406.0,3
1700240515,2626.0,481.0,2554.0,407.0,3
1700240515,2612.0,462.0,2554.0,407.0,3
1700240515,2611.0,441.0,2554.0,407.0,3
1700240515,2617.0,445.0,2554.0,407.0,3
1700240515,2616.0,418.0,2554.0,407.0,3
1700240515,2620.0,423.0,2554.0,407.0,3
1700240515,2624.0,427.0,2554.0,407.0,3
1700240515,2629.0,423.0,2554.0,407.0,3
1700240515,2622.0,425.0,2554.0,407.0,3
1700240515,2627.0,397.0,2554.0,407.0,3
1700240515,2631.0,444.0,2554.0,407.0,3
1700240515,2623.0,446.0,2560.0,407.0,3
1700240515,2618.0,442.0,2561.0,407.0,3
1700240515,2613.0,452.0,2561.0,407.0,3
1700240515,2620.0,452.0,2561.0,407.0,3
1700240515,2615.0,460.0,2561.0,407.0,3
1700240515,2604.0,449.0,2561.0,407.0,3
1700240515,2597.0,462.0,2561.0,407.0,3
1700240515,2589.0,466.0,2561.0,407.0,3
1700240515,2587.0,464.0,2561.0,407.0,3
1700240515,2601.0,536.0,2561.0,407.0,3
1700240515,2624.0,536.0,2561.0,407.0,3
1700240515,2645.0,529.0,2561.0,407.0,3
1700240515,2636.0,521.0,2561.0,407.0,3
1700240515,2638.0,515.0,2563.0,409.0,3
1700240515,2632.0,506.0,2563.0,411.0,3
1700240515,2631.0,520.0,2564.0,412.0,3
1700240515,2510.0,434.0,2571.0,419.0,3
1700240515,2481.0,485.0,2571.0,419.0,3
1700240515,2486.0,487.0,2571.0,419.0,3
1700240515,2541.0,488.0,2571.0,419.0,3
1700240515,2481.0,477.0,2571.0,419.0,3
1700240515,2471.0,491.0,2571.0,419.0,3
1700240515,2557.0,489.0,2571.0,419.0,3
1700240515,2491.0,516.0,2571.0,419.0,3
1700240515,2473.0,531.0,2571.0,419.0,3
1700240515,2497.0,562.0,2571.0,419.0,3
1700240515,2567.0,519.0,2571.0,419.0,3
1700240515,2574.0,521.0,2571.0,419.0,3
1700240515,2526.0,564.0,2571.0,419.0,3
1700240515,2564.0,515.0,2571.0,419.0,3
1700240515,2584.0,680.0,2571.0,419.0,3
1700240515,2558.0,645.0,2571.0,419.0,3
1700240515,2556.0,530.0,2571.0,419.0,3
1700240515,2526.0,625.0,2571.0,419.0,3
1700240515,2523.0,635.0,2571.0,419.0,3
1700240515,2536.0,536.0,2571.0,419.0,3
1700240515,2480.0,615.0,2571.0,419.0,3
1700240515,2526.0,529.0,2572.0,420.0,3
1700240515,2487.0,619.0,2587.0,432.0,3
1700240515,2520.0,541.0,2600.0,442.0,3
1700240515,2530.0,560.0,2612.0,450.0,3
1700240515,2542.0,573.0,2614.0,451.0,3
1700240515,2569.0,588.0,2615.0,452.0,3
1700240515,2577.0,722.0,2615.0,452.0,3
1700240515,2563.0,714.0,2615.0,452.0,3
1700240515,2563.0,587.0,2615.0,452.0,3
1700240515,2547.0,705.0,2616.0,453.0,3
1700240515,2556.0,591.0,2616.0,453.0,3
1700240515,2566.0,619.0,2616.0,453.0,3
1700240515,2496.0,709.0,2616.0,454.0,3
1700240515,2581.0,653.0,2616.0,456.0,3
1700240515,2577.0,658.0,2616.0,456.0,3
1700240515,2501.0,736.0,2618.0,458.0,3
1700240515,2593.0,606.0,2663.0,471.0,3
1700240515,2618.0,610.0,2663.0,471.0,3
1700240515,2630.0,595.0,2663.0,471.0,3
1700240515,2655.0,698.0,2663.0,471.0,3
1700240515,2661.0,546.0,2663.0,471.0,3
1700240515,2689.0,535.0,2663.0,471.0,0
1700240515,2694.0,559.0,2663.0,471.0,0
1700240515,2717.0,580.0,2663.0,471.0,0
1700240515,2694.0,590.0,2663.0,471.0,0
1700240515,2697.0,592.0,2663.0,471.0,3
1700240515,2706.0,587.0,2663.0,471.0,0
1700240515,2667.0,687.0,2663.0,471.0,0
1700240515,2712.0,714.0,2663.0,471.0,0
1700240515,2790.0,686.0,2663.0,471.0,0
1700240515,2800.0,645.0,2663.0,471.0,3
1700240515,2735.0,671.0,2663.0,471.0,3
1700240515,2717.0,660.0,2666.0,467.0,3
1700240515,2693.0,653.0,2672.0,464.0,3
1700240515,2665.0,646.0,2673.0,463.0,3
1700240515,2640.0,645.0,2673.0,463.0,3
1700240515,2748.0,682.0,2670.0,462.0,3
1700240515,2724.0,703.0,2662.0,462.0,3
1700240515,2583.0,669.0,2660.0,462.0,3
1700240515,2577.0,659.0,2659.0,462.0,3
1700240515,2567.0,653.0,2659.0,462.0,3
1700240515,2678.0,698.0,2659.0,462.0,3
1700240515,2680.0,697.0,2659.0,462.0,0
1700240515,2683.0,694.0,2659.0,462.0,0
1700240515,2671.0,680.0,2659.0,462.0,0
1700240515,2669.0,653.0,2659.0,462.0,0
1700240515,2674.0,656.0,2659.0,462.0,0
1700240515,2672.0,661.0,2659.0,462.0,0
1700240515,2667.0,670.0,2659.0,462.0,0
1700240515,2662.0,684.0,2659.0,462.0,0
1700240515,2661.0,657.0,2659.0,462.0,3
1700240515,2674.0,660.0,2659.0,462.0,3
1700240515,2694.0,665.0,2659.0,462.0,3
1700240515,2662.0,712.0,2659.0,462.0,3
1700240515,2699.0,666.0,2659.0,462.0,0
1700240515,2694.0,671.0,2659.0,462.0,0
1700240515,2719.0,681.0,2659.0,462.0,3
1700240515,2738.0,681.0,2659.0,462.0,3
1700240515,2766.0,687.0,2659.0,462.0,3
1700240515,2766.0,690.0,2659.0,462.0,3
1700240515,2748.0,678.0,2662.0,462.0,3
1700240515,2704.0,675.0,2672.0,457.0,3
1700240515,2673.0,688.0,2685.0,455.0,3
1700240515,2683.0,697.0,2698.0,453.0,3
1700240515,2701.0,711.0,2706.0,452.0,3
1700240515,2713.0,705.0,2713.0,451.0,3
1700240515,2712.0,702.0,2720.0,450.0,3
1700240515,2655.0,665.0,2730.0,446.0,3
1700240515,2648.0,655.0,2737.0,444.0,3
1700240515,2724.0,675.0,2738.0,444.0,3
1700240515,2722.0,675.0,2738.0,444.0,3
1700240515,2639.0,658.0,2738.0,444.0,0
1700240515,2639.0,622.0,2738.0,444.0,0
1700240515,2657.0,646.0,2738.0,444.0,0
1700240515,2646.0,623.0,2738.0,444.0,3
1700240515,2625.0,624.0,2738.0,444.0,3
1700240515,2603.0,611.0,2738.0,444.0,3
1700240515,2621.0,629.0,2738.0,444.0,3
1700240515,2631.0,619.0,2738.0,444.0,3
1700240515,2606.0,641.0,2738.0,444.0,3
1700240515,2588.0,635.0,2738.0,444.0,3
1700240515,2622.0,603.0,2745.0,442.0,3
1700240515,2579.0,621.0,2753.0,440.0,3
1700240515,2589.0,628.0,2770.0,436.0,3
1700240515,2634.0,660.0,2777.0,434.0,3
1700240515,2608.0,651.0,2777.0,434.0,3
1700240515,2607.0,655.0,2777.0,434.0,3
1700240515,2625.0,660.0,2777.0,434.0,3
1700240515,2662.0,621.0,2777.0,434.0,3
1700240515,2675.0,653.0,2777.0,434.0,3
1700240515,2723.0,662.0,2777.0,434.0,3
1700240515,2760.0,675.0,2777.0,434.0,3
1700240515,2797.0,682.0,2777.0,434.0,3
1700240515,2818.0,675.0,2777.0,434.0,3
1700240515,2728.0,631.0,2777.0,434.0,3
1700240515,2740.0,594.0,2868.0,444.0,3
1700240515,2747.0,619.0,2901.0,439.0,3
1700240515,2752.0,600.0,2909.0,437.0,3
1700240515,2749.0,595.0,2909.0,437.0,3
1700240515,2749.0,589.0,2909.0,437.0,3
1700240515,2748.0,579.0,2909.0,437.0,3
1700240515,2743.0,573.0,2909.0,437.0,3
1700240515,2759.0,585.0,2909.0,437.0,3
1700240515,2781.0,607.0,2909.0,437.0,3
1700240515,2750.0,679.0,2909.0,437.0,3
1700240515,2792.0,734.0,2909.0,437.0,3
1700240515,2712.0,713.0,2909.0,437.0,3
1700240515,3235.0,908.0,2909.0,437.0,3
1700240515,3502.0,829.0,2909.0,437.0,3
1700240515,3485.0,662.0,2909.0,437.0,3
1700240515,3145.0,860.0,2909.0,437.0,3
1700240515,2839.0,1182.0,2909.0,437.0,3
1700240515,3172.0,576.0,2909.0,437.0,3
1700240515,3058.0,577.0,2909.0,437.0,3
1700240515,2893.0,578.0,2909.0,437.0,3
1700240515,2781.0,564.0,2909.0,437.0,3
1700240515,2713.0,552.0,2909.0,437.0,3
1700240515,2958.0,799.0,2909.0,437.0,3
1700240515,2936.0,818.0,2909.0,437.0,3
1700240515,2675.0,940.0,2909.0,437.0,3
1700240515,2565.0,1011.0,2909.0,437.0,3
1700240515,2576.0,1012.0,2909.0,437.0,3
1700240515,2591.0,1016.0,2909.0,437.0,3
1700240515,2607.0,1013.0,2909.0,437.0,3
1700240515,2618.0,1007.0,2909.0,437.0,3
1700240515,2635.0,1001.0,2909.0,437.0,3
1700240515,2652.0,999.0,2909.0,437.0,3
1700240515,2664.0,999.0,2909.0,437.0,3
1700240515,2675.0,998.0,2909.0,437.0,3
1700240515,2685.0,995.0,2909.0,437.0,3
1700240515,2690.0,997.0,2909.0,437.0,3
1700240515,2693.0,991.0,2909.0,437.0,3
1700240515,3244.0,399.0,2909.0,437.0,3
1700240515,3255.0,384.0,2909.0,437.0,3
1700240515,3277.0,358.0,2909.0,437.0,3
1700240515,3299.0,320.0,2909.0,437.0,3
1700240515,3308.0,287.0,2909.0,437.0,3
1700240515,3311.0,276.0,2909.0,437.0,3
1700240515,3315.0,274.0,2909.0,437.0,3
1700240515,3249.0,286.0,2909.0,437.0,3
1700240515,3157.0,304.0,2909.0,437.0,3
1700240515,3084.0,319.0,2909.0,437.0,3
1700240515,3153.0,296.0,2909.0,437.0,3
1700240515,2735.0,525.0,2909.0,437.0,3
1700240515,2759.0,378.0,2912.0,435.0,3
1700240515,3240.0,217.0,2912.0,435.0,3
1700240515,3195.0,202.0,2912.0,435.0,3
1700240515,2922.0,396.0,2912.0,435.0,3
1700240515,2878.0,377.0,2912.0,435.0,3
1700240515,2857.0,345.0,2885.0,477.0,3
1700240515,2844.0,326.0,2833.0,533.0,3
1700240515,2840.0,324.0,2800.0,567.0,3
1700240515,2826.0,329.0,2780.0,599.0,3
1700240515,2809.0,330.0,2781.0,605.0,3
1700240515,2779.0,338.0,2781.0,605.0,3
1700240515,2717.0,356.0,2781.0,605.0,3
1700240515,2666.0,372.0,2781.0,605.0,0
1700240515,2633.0,380.0,2781.0,605.0,0
1700240515,2613.0,384.0,2781.0,605.0,0
1700240515,2600.0,390.0,2781.0,605.0,3
1700240515,2600.0,400.0,2781.0,605.0,3
1700240515,2602.0,410.0,2781.0,605.0,3
1700240515,2603.0,420.0,2781.0,605.0,3
1700240515,2606.0,427.0,2781.0,605.0,3
1700240515,2608.0,432.0,2781.0,605.0,3
1700240515,2609.0,437.0,2781.0,605.0,3
1700240515,2611.0,441.0,2785.0,602.0,3
1700240515,2610.0,445.0,2787.0,595.0,3
1700240515,2612.0,450.0,2787.0,595.0,3
1700240515,2612.0,457.0,2787.0,595.0,3
1700240515,2612.0,463.0,2787.0,595.0,3
1700240515,2613.0,467.0,2787.0,595.0,3
1700240515,2613.0,470.0,2787.0,595.0,3
1700240515,2614.0,473.0,2787.0,595.0,3
1700240515,2613.0,477.0,2787.0,595.0,3
1700240515,2615.0,484.0,2789.0,588.0,3
1700240515,2543.0,843.0,2789.0,586.0,3
1700240515,2547.0,880.0,2789.0,586.0,3
1700240515,2505.0,1014.0,2789.0,586.0,3
1700240515,2511.0,1000.0,2789.0,586.0,3
1700240515,2456.0,1092.0,2789.0,586.0,3
1700240515,2430.0,1107.0,2789.0,586.0,3
1700240515,2412.0,1107.0,2789.0,586.0,3
1700240515,2412.0,1107.0,2789.0,586.0,3
1700240515,2407.0,1118.0,2789.0,586.0,3
1700240515,2475.0,1034.0,2789.0,586.0,3
1700240515,2472.0,1038.0,2789.0,586.0,3
1700240515,3619.0,379.0,2652.0,330.0,3
1700240515,3017.0,607.0,2651.0,329.0,3
1700240515,2873.0,626.0,2651.0,329.0,3
1700240515,2795.0,650.0,2651.0,329.0,0
1700240515,2781.0,661.0,2651.0,329.0,0
1700240515,2776.0,662.0,2651.0,329.0,3
1700240515,2777.0,692.0,2651.0,329.0,3
1700240515,2759.0,466.0,2651.0,329.0,3
1700240515,2744.0,656.0,2651.0,329.0,3
1700240515,2745.0,674.0,2681.0,339.0,3
1700240515,2715.0,661.0,2743.0,379.0,3
1700240515,2633.0,625.0,2841.0,435.0,3
1700240515,2614.0,582.0,2882.0,455.0,3
1700240515,2696.0,459.0,2882.0,455.0,3
1700240515,2544.0,544.0,2882.0,455.0,3
1700240515,2570.0,577.0,2882.0,455.0,3
1700240515,2603.0,583.0,2882.0,455.0,3
1700240515,2650.0,441.0,2882.0,455.0,3
1700240515,2622.0,403.0,2882.0,455.0,3
1700240515,2591.0,375.0,2882.0,455.0,3
1700240515,2449.0,619.0,2883.0,456.0,3
1700240515,2426.0,753.0,2883.0,464.0,3
1700240515,2602.0,657.0,2883.0,464.0,3
1700240515,2496.0,824.0,2883.0,464.0,3
1700240515,2506.0,858.0,2883.0,464.0,3
1700240515,2660.0,854.0,2883.0,464.0,3
1700240515,2664.0,865.0,2883.0,464.0,3
1700240515,2719.0,846.0,2883.0,464.0,3
1700240515,2720.0,844.0,2883.0,464.0,3
1700240515,2513.0,833.0,2883.0,464.0,3
1700240515,2506.0,830.0,2883.0,464.0,3
1700240515,2693.0,833.0,2883.0,464.0,3
1700240515,2509.0,848.0,2883.0,464.0,3
1700240515,2706.0,841.0,2883.0,464.0,3
1700240515,2699.0,838.0,2883.0,464.0,3
1700240515,2692.0,787.0,2882.0,465.0,3
1700240515,2710.0,778.0,2882.0,465.0,3
1700240515,2720.0,752.0,2882.0,465.0,3
1700240515,2703.0,740.0,2882.0,465.0,3
1700240515,2509.0,815.0,2882.0,465.0,3
1700240515,2696.0,734.0,2882.0,465.0,3
1700240515,2685.0,741.0,2882.0,465.0,3
1700240515,2502.0,827.0,2882.0,465.0,3
1700240515,2677.0,770.0,2882.0,465.0,3
1700240515,2668.0,768.0,2882.0,465.0,3
1700240515,2670.0,767.0,2882.0,465.0,3
1700240515,2508.0,870.0,2882.0,465.0,3
1700240515,2504.0,871.0,2881.0,466.0,3
1700240515,2660.0,785.0,2881.0,466.0,3
1700240515,2493.0,869.0,2881.0,467.0,3
1700240515,2632.0,794.0,2881.0,467.0,3
1700240515,2478.0,845.0,2881.0,467.0,3
1700240515,2476.0,847.0,2881.0,467.0,3
1700240515,2602.0,791.0,2881.0,467.0,3
1700240515,2481.0,851.0,2881.0,467.0,3
1700240515,2619.0,775.0,2881.0,467.0,3
1700240515,2483.0,856.0,2881.0,467.0,3
1700240515,2603.0,772.0,2880.0,468.0,3
1700240515,2479.0,870.0,2880.0,468.0,3
1700240515,2477.0,874.0,2879.0,469.0,3
1700240515,2600.0,743.0,2879.0,469.0,3
1700240515,2572.0,705.0,2879.0,469.0,3
1700240515,2471.0,849.0,2878.0,470.0,3
1700240515,2472.0,976.0,2878.0,470.0,3
1700240515,2581.0,756.0,2878.0,470.0,3
1700240515,2586.0,762.0,2878.0,470.0,3
1700240515,2595.0,768.0,2878.0,470.0,3
1700240515,2593.0,764.0,2878.0,470.0,3
1700240515,2596.0,767.0,2878.0,470.0,3
1700240515,2598.0,765.0,2878.0,470.0,3
1700240515,2596.0,763.0,2878.0,470.0,3
1700240515,2488.0,921.0,2878.0,470.0,3
1700240515,2485.0,909.0,2878.0,470.0,3
1700240515,2603.0,769.0,2878.0,470.0,3
1700240515,2620.0,738.0,2878.0,470.0,3
1700240515,2633.0,745.0,2878.0,470.0,3
1700240515,2634.0,755.0,2877.0,470.0,3
1700240515,2640.0,755.0,2877.0,470.0,3
1700240515,2504.0,873.0,2874.0,472.0,3
1700240515,2637.0,752.0,2870.0,474.0,3
1700240515,2509.0,618.0,2626.0,519.0,3
1700240515,2506.0,671.0,2626.0,519.0,3
1700240515,2483.0,668.0,2626.0,519.0,3
1700240515,2473.0,666.0,2626.0,519.0,3
1700240515,2460.0,938.0,2626.0,519.0,3
1700240515,2440.0,681.0,2626.0,519.0,3
1700240515,2444.0,683.0,2626.0,519.0,3
1700240515,2449.0,691.0,2626.0,519.0,3
1700240515,2462.0,744.0,2626.0,519.0,3
1700240515,2395.0,967.0,2626.0,519.0,3
1700240515,2362.0,690.0,2626.0,519.0,3
1700240515,2370.0,688.0,2626.0,519.0,3
1700240515,2386.0,662.0,2626.0,519.0,3
1700240516,2376.0,657.0,2626.0,519.0,3
1700240516,2409.0,985.0,2626.0,519.0,3
1700240516,2403.0,716.0,2626.0,519.0,3
1700240516,2403.0,821.0,2626.0,519.0,3
1700240516,2413.0,819.0,2626.0,519.0,3
1700240516,2438.0,695.0,2626.0,519.0,3
1700240516,2454.0,839.0,2626.0,519.0,3
1700240516,2467.0,846.0,2626.0,519.0,3
1700240516,2457.0,827.0,2626.0,519.0,3
1700240516,2554.0,750.0,2626.0,519.0,3
1700240516,2555.0,766.0,2626.0,519.0,3
1700240516,2552.0,786.0,2626.0,519.0,3
1700240516,2419.0,791.0,2626.0,519.0,3
1700240516,2419.0,785.0,2626.0,519.0,3
1700240516,2569.0,809.0,2626.0,519.0,3
1700240516,2574.0,817.0,2626.0,519.0,3
1700240516,2583.0,830.0,2626.0,519.0,3
1700240516,2595.0,844.0,2626.0,519.0,3
1700240516,2602.0,868.0,2626.0,519.0,3
1700240516,2685.0,806.0,2626.0,519.0,3
1700240516,2479.0,813.0,2626.0,519.0,3
1700240516,2670.0,831.0,2626.0,519.0,3
1700240516,2480.0,839.0,2626.0,519.0,3
1700240516,2483.0,839.0,2626.0,519.0,3
1700240516,2490.0,839.0,2626.0,515.0,3
1700240516,2696.0,805.0,2628.0,499.0,3
1700240516,2701.0,805.0,2632.0,490.0,3
1700240516,2695.0,793.0,2636.0,485.0,3
1700240516,2469.0,797.0,2637.0,484.0,3
1700240516,2693.0,775.0,2637.0,484.0,3
1700240516,2487.0,791.0,2637.0,484.0,3
1700240516,2711.0,758.0,2637.0,484.0,0
1700240516,2726.0,749.0,2637.0,484.0,0
1700240516,2720.0,749.0,2637.0,484.0,3
1700240516,2751.0,743.0,2637.0,484.0,3
1700240516,2584.0,832.0,2637.0,484.0,0
1700240516,2584.0,831.0,2637.0,484.0,0
1700240516,2683.0,690.0,2637.0,484.0,0
1700240516,2491.0,724.0,2637.0,484.0,3
1700240516,2636.0,658.0,2626.0,480.0,3
1700240516,2445.0,664.0,2586.0,460.0,3
1700240516,2402.0,618.0,2561.0,444.0,3
1700240516,2400.0,611.0,2555.0,438.0,3
1700240516,2565.0,538.0,2555.0,438.0,3
1700240516,2572.0,575.0,2555.0,438.0,0
1700240516,2579.0,588.0,2555.0,438.0,0
1700240516,2583.0,561.0,2555.0,438.0,0
1700240516,2468.0,715.0,2555.0,438.0,3
1700240516,2454.0,691.0,2555.0,438.0,3
1700240516,2426.0,654.0,2555.0,438.0,3
1700240516,2435.0,626.0,2555.0,438.0,3
1700240516,2487.0,662.0,2555.0,438.0,3
1700240516,2519.0,637.0,2555.0,434.0,3
1700240516,2553.0,584.0,2555.0,421.0,3
1700240516,2582.0,503.0,2559.0,409.0,3
1700240516,2604.0,451.0,2564.0,401.0,3
1700240516,2611.0,421.0,2565.0,400.0,3
1700240516,2616.0,404.0,2565.0,400.0,3
1700240516,2618.0,393.0,2565.0,400.0,3
1700240516,2620.0,387.0,2565.0,400.0,3
1700240516,2622.0,386.0,2565.0,400.0,3
1700240516,2623.0,386.0,2567.0,402.0,3
1700240516,2624.0,385.0,2567.0,402.0,3
