1700240882,2015.0,597.0,2430.0,441.0,3
1700240882,1957.0,579.0,2430.0,441.0,3
1700240882,1900.0,561.0,2430.0,441.0,3
1700240883,1848.0,546.0,2402.0,437.0,3
1700240883,1823.0,542.0,2294.0,431.0,3
1700240883,1803.0,540.0,2096.0,428.0,3
1700240883,1788.0,533.0,1920.0,426.0,3
1700240883,1777.0,524.0,1760.0,426.0,3
1700240883,1764.0,518.0,1689.0,431.0,3
1700240883,1753.0,513.0,1651.0,447.0,3
1700240883,1740.0,507.0,1615.0,449.0,3
1700240883,1724.0,498.0,1590.0,447.0,3
1700240883,1717.0,494.0,1557.0,443.0,3
1700240883,1710.0,491.0,1544.0,442.0,3
1700240883,1709.0,493.0,1544.0,442.0,0
1700240883,1742.0,513.0,1544.0,442.0,0
1700240883,2002.0,665.0,1544.0,442.0,0
1700240883,2281.0,827.0,1544.0,442.0,0
1700240883,2418.0,904.0,1544.0,442.0,3
1700240883,2472.0,936.0,1544.0,442.0,3
1700240883,2483.0,941.0,1544.0,442.0,3
1700240883,2492.0,960.0,1544.0,442.0,3
1700240883,2492.0,960.0,1544.0,442.0,3
1700240883,2491.0,960.0,1544.0,442.0,3
1700240883,2470.0,965.0,1544.0,442.0,3
1700240883,2520.0,992.0,1544.0,442.0,3
1700240883,2505.0,993.0,1544.0,442.0,3
1700240883,2484.0,994.0,1544.0,442.0,3
1700240883,2464.0,993.0,1544.0,442.0,3
1700240883,2450.0,992.0,1544.0,442.0,3
1700240883,2439.0,993.0,1544.0,442.0,3
1700240883,2432.0,994.0,1544.0,442.0,3
1700240883,2427.0,996.0,1544.0,442.0,3
1700240883,2419.0,994.0,1544.0,442.0,3
1700240883,2416.0,993.0,1544.0,442.0,3
1700240883,2401.0,991.0,1544.0,442.0,3
1700240883,2275.0,943.0,1544.0,442.0,3
1700240883,1207.0,347.0,1543.0,441.0,3
1700240884,1215.0,345.0,1543.0,441.0,3
1700240884,1228.0,341.0,1553.0,469.0,3
1700240884,1227.0,339.0,1559.0,478.0,3
1700240884,1225.0,337.0,1572.0,494.0,3
1700240884,1224.0,335.0,1586.0,511.0,3
1700240884,1224.0,332.0,1589.0,516.0,3
1700240884,1230.0,334.0,1584.0,519.0,3
1700240884,1256.0,346.0,1545.0,514.0,3
1700240884,1297.0,365.0,1497.0,501.0,3
1700240884,1338.0,384.0,1475.0,494.0,3
1700240884,1336.0,454.0,1475.0,494.0,3
1700240884,1206.0,727.0,1475.0,494.0,3
1700240884,956.0,1322.0,1475.0,494.0,3
1700240884,894.0,1566.0,1475.0,494.0,3
1700240884,958.0,1460.0,1475.0,494.0,3
1700240884,1046.0,1244.0,1475.0,494.0,3
1700240884,1159.0,977.0,1475.0,494.0,3
1700240884,1398.0,660.0,1475.0,494.0,3
1700240884,1519.0,506.0,1475.0,494.0,3
1700240884,1570.0,453.0,1475.0,494.0,3
1700240884,1584.0,428.0,1475.0,494.0,3
1700240884,1586.0,416.0,1485.0,496.0,3
1700240884,1585.0,408.0,1532.0,493.0,3
1700240884,1585.0,404.0,1551.0,491.0,3
1700240884,1583.0,404.0,1551.0,491.0,3
1700240884,1535.0,416.0,1551.0,491.0,3
1700240884,1435.0,450.0,1551.0,491.0,3
1700240884,1113.0,571.0,1551.0,491.0,3
1700240885,772.0,697.0,1553.0,495.0,3
1700240885,562.0,781.0,1496.0,502.0,3
1700240885,436.0,796.0,1371.0,536.0,3
1700240885,416.0,799.0,1205.0,597.0,3
1700240885,401.0,813.0,1121.0,647.0,3
1700240885,364.0,810.0,1082.0,677.0,3
1700240885,66.0,1036.0,920.0,847.0,3
1700240885,69.0,1036.0,920.0,847.0,3
1700240885,74.0,1036.0,920.0,847.0,3
1700240885,79.0,1037.0,920.0,847.0,3
1700240885,83.0,1036.0,920.0,847.0,3
1700240885,86.0,1036.0,920.0,847.0,3
1700240885,89.0,1035.0,920.0,847.0,3
1700240885,91.0,1034.0,920.0,847.0,3
1700240885,93.0,1033.0,920.0,847.0,3
1700240885,67.0,1039.0,920.0,847.0,3
1700240885,135.0,1000.0,919.0,851.0,3
1700240885,134.0,1001.0,919.0,851.0,3
1700240885,134.0,1001.0,919.0,851.0,3
1700240885,133.0,1000.0,919.0,859.0,3
1700240885,133.0,1000.0,918.0,866.0,3
1700240885,132.0,1000.0,918.0,866.0,3
1700240885,132.0,1000.0,918.0,866.0,3
1700240885,132.0,1000.0,918.0,866.0,3
1700240885,132.0,1000.0,918.0,866.0,3
1700240885,132.0,1000.0,918.0,866.0,3
1700240885,131.0,999.0,918.0,866.0,3
1700240885,131.0,999.0,918.0,866.0,3
1700240885,131.0,999.0,918.0,866.0,3
1700240885,131.0,998.0,918.0,875.0,3
1700240885,132.0,998.0,918.0,889.0,3
1700240885,146.0,994.0,918.0,889.0,3
1700240885,172.0,987.0,920.0,890.0,3
1700240885,202.0,979.0,922.0,889.0,3
1700240885,226.0,972.0,927.0,888.0,3
1700240885,245.0,965.0,937.0,887.0,3
1700240885,260.0,961.0,942.0,887.0,3
1700240885,271.0,960.0,943.0,887.0,3
1700240885,278.0,959.0,945.0,887.0,3
1700240885,283.0,957.0,945.0,887.0,3
1700240885,287.0,956.0,945.0,887.0,3
1700240885,290.0,957.0,947.0,889.0,3
1700240885,297.0,958.0,950.0,890.0,3
1700240885,302.0,958.0,966.0,889.0,3
1700240885,306.0,956.0,972.0,887.0,3
1700240885,310.0,957.0,986.0,884.0,3
1700240885,313.0,958.0,992.0,884.0,3
1700240885,315.0,958.0,993.0,884.0,3
1700240885,318.0,958.0,993.0,884.0,3
1700240885,320.0,958.0,995.0,884.0,3
1700240885,321.0,958.0,995.0,884.0,3
1700240885,323.0,958.0,996.0,885.0,3
1700240885,325.0,958.0,996.0,890.0,3
1700240885,320.0,959.0,996.0,891.0,3
1700240885,315.0,960.0,997.0,893.0,3
1700240885,306.0,961.0,998.0,894.0,3
1700240885,296.0,963.0,1007.0,894.0,3
1700240885,286.0,965.0,1011.0,894.0,3
1700240885,277.0,967.0,1013.0,893.0,3
1700240885,275.0,970.0,1013.0,893.0,3
1700240885,276.0,976.0,1013.0,893.0,3
1700240885,267.0,976.0,1013.0,893.0,3
1700240885,265.0,977.0,1013.0,893.0,3
1700240885,268.0,983.0,1013.0,893.0,3
1700240885,263.0,982.0,1014.0,894.0,3
1700240885,258.0,981.0,1014.0,894.0,3
1700240885,254.0,979.0,1020.0,894.0,3
1700240885,244.0,980.0,1033.0,894.0,3
1700240885,227.0,981.0,1047.0,894.0,3
1700240885,213.0,981.0,1078.0,881.0,3
1700240885,202.0,981.0,1096.0,849.0,3
1700240885,204.0,985.0,1097.0,842.0,3
1700240885,213.0,993.0,1097.0,842.0,3
1700240885,209.0,993.0,1097.0,842.0,3
1700240885,204.0,999.0,1099.0,839.0,3
1700240885,186.0,998.0,1101.0,836.0,3
1700240885,169.0,997.0,1102.0,836.0,3
1700240885,165.0,999.0,1110.0,841.0,3
1700240885,165.0,1006.0,1126.0,850.0,3
1700240885,152.0,1003.0,1147.0,856.0,3
1700240885,160.0,999.0,1166.0,862.0,3
1700240885,256.0,981.0,1176.0,867.0,3
1700240885,624.0,920.0,1178.0,868.0,3
1700240885,1169.0,878.0,1208.0,867.0,3
1700240885,1505.0,874.0,1245.0,866.0,3
1700240885,1623.0,852.0,1285.0,866.0,3
1700240885,1680.0,843.0,1369.0,874.0,3
1700240885,1703.0,841.0,1506.0,875.0,3
1700240885,1715.0,845.0,1566.0,875.0,3
1700240885,1720.0,842.0,1631.0,868.0,3
1700240885,1759.0,872.0,1704.0,859.0,3
1700240885,1812.0,928.0,1808.0,858.0,3
1700240885,1850.0,969.0,1835.0,859.0,3
1700240885,1875.0,989.0,1862.0,872.0,3
1700240885,1893.0,1002.0,1882.0,887.0,3
1700240885,1905.0,1008.0,1886.0,893.0,3
1700240885,1913.0,1011.0,1886.0,899.0,3
1700240885,1925.0,1014.0,1887.0,903.0,3
1700240885,1931.0,1016.0,1887.0,904.0,3
1700240885,1938.0,974.0,1887.0,904.0,3
1700240885,1951.0,893.0,1888.0,905.0,3
1700240885,1962.0,810.0,1891.0,884.0,3
1700240885,1966.0,752.0,1883.0,858.0,3
1700240885,1969.0,723.0,1878.0,852.0,3
1700240885,1972.0,707.0,1874.0,846.0,3
1700240885,1971.0,696.0,1869.0,830.0,3
1700240885,1973.0,689.0,1867.0,824.0,3
1700240885,1973.0,683.0,1865.0,817.0,3
1700240885,1973.0,679.0,1865.0,813.0,3
1700240885,1973.0,679.0,1865.0,813.0,3
1700240885,1974.0,680.0,1865.0,813.0,3
1700240885,1975.0,680.0,1865.0,813.0,3
1700240885,1979.0,685.0,1865.0,813.0,3
1700240885,1980.0,690.0,1865.0,813.0,3
1700240885,1984.0,697.0,1865.0,813.0,3
1700240885,1987.0,705.0,1865.0,813.0,3
1700240885,1991.0,714.0,1865.0,813.0,3
1700240885,1994.0,722.0,1865.0,813.0,3
1700240885,1996.0,727.0,1868.0,823.0,3
1700240885,1998.0,730.0,1869.0,829.0,3
1700240885,2001.0,733.0,1871.0,831.0,3
1700240885,2002.0,740.0,1871.0,831.0,3
1700240885,2004.0,781.0,1870.0,832.0,3
1700240885,2000.0,834.0,1870.0,834.0,3
1700240885,1998.0,872.0,1870.0,840.0,3
1700240885,1999.0,896.0,1870.0,857.0,3
1700240885,1998.0,910.0,1872.0,869.0,3
1700240885,1996.0,903.0,1879.0,877.0,3
1700240885,1992.0,893.0,1885.0,882.0,3
1700240885,1992.0,887.0,1890.0,886.0,3
1700240885,1992.0,884.0,1891.0,886.0,3
1700240885,1993.0,882.0,1894.0,888.0,3
1700240885,1993.0,881.0,1896.0,891.0,3
1700240885,1994.0,880.0,1899.0,894.0,3
1700240885,1995.0,879.0,1901.0,894.0,3
1700240885,1996.0,877.0,1902.0,894.0,3
1700240885,1997.0,874.0,1903.0,894.0,3
1700240885,2001.0,872.0,1906.0,894.0,3
1700240885,2003.0,871.0,1908.0,894.0,3
1700240885,2004.0,869.0,1912.0,894.0,3
1700240885,2005.0,868.0,1913.0,895.0,3
1700240885,2005.0,867.0,1915.0,895.0,3
1700240885,2005.0,867.0,1915.0,895.0,3
1700240885,2004.0,866.0,1915.0,895.0,3
1700240885,2003.0,866.0,1915.0,895.0,3
1700240885,2003.0,866.0,1915.0,895.0,3
1700240885,2001.0,866.0,1915.0,895.0,3
1700240885,2000.0,866.0,1915.0,895.0,3
1700240885,1985.0,866.0,1915.0,895.0,3
1700240885,1820.0,866.0,1915.0,895.0,3
1700240885,1364.0,881.0,1915.0,895.0,0
1700240885,756.0,921.0,1915.0,895.0,0
1700240885,391.0,974.0,1913.0,901.0,0
1700240885,282.0,967.0,1910.0,919.0,0
1700240885,228.0,977.0,1909.0,929.0,0
1700240885,213.0,999.0,1909.0,939.0,0
1700240885,220.0,968.0,1908.0,950.0,0
1700240885,228.0,980.0,1906.0,958.0,0
1700240885,246.0,972.0,1905.0,965.0,0
1700240885,262.0,971.0,1904.0,974.0,0
1700240885,268.0,968.0,1904.0,980.0,0
1700240885,130.0,830.0,753.0,945.0,3
1700240885,128.0,827.0,753.0,945.0,3
1700240885,125.0,826.0,753.0,945.0,3
1700240885,126.0,827.0,753.0,945.0,3
1700240885,129.0,830.0,753.0,945.0,3
1700240885,133.0,833.0,744.0,938.0,3
1700240885,144.0,842.0,741.0,920.0,3
1700240885,139.0,839.0,752.0,904.0,3
1700240885,137.0,838.0,752.0,904.0,3
1700240885,137.0,839.0,752.0,904.0,3
1700240885,141.0,842.0,752.0,904.0,3
1700240885,138.0,841.0,752.0,904.0,3
1700240885,137.0,840.0,752.0,904.0,3
1700240885,136.0,840.0,757.0,912.0,3
1700240885,133.0,839.0,757.0,917.0,3
1700240885,128.0,839.0,756.0,918.0,3
1700240885,125.0,839.0,754.0,921.0,3
1700240885,121.0,839.0,754.0,921.0,3
1700240885,117.0,840.0,754.0,921.0,3
1700240885,114.0,841.0,754.0,921.0,3
1700240885,112.0,842.0,754.0,921.0,3
1700240885,110.0,844.0,754.0,921.0,3
1700240885,109.0,845.0,754.0,921.0,3
1700240885,108.0,846.0,754.0,921.0,3
1700240885,106.0,847.0,754.0,921.0,3
1700240885,109.0,851.0,754.0,921.0,3
1700240885,120.0,862.0,754.0,921.0,3
1700240885,117.0,860.0,754.0,921.0,3
1700240885,120.0,864.0,754.0,921.0,3
1700240885,127.0,871.0,754.0,921.0,3
1700240885,128.0,875.0,754.0,921.0,3
1700240885,138.0,883.0,754.0,921.0,3
1700240885,132.0,879.0,754.0,921.0,3
1700240885,128.0,878.0,754.0,921.0,3
1700240885,129.0,879.0,754.0,921.0,3
1700240885,136.0,883.0,754.0,921.0,3
1700240885,137.0,884.0,754.0,921.0,3
1700240885,152.0,902.0,754.0,921.0,3
1700240885,156.0,917.0,758.0,921.0,3
1700240885,143.0,914.0,798.0,921.0,3
1700240885,138.0,913.0,812.0,921.0,3
1700240885,136.0,913.0,823.0,921.0,3
1700240885,134.0,913.0,826.0,922.0,3
1700240885,136.0,915.0,826.0,922.0,3
1700240885,143.0,920.0,827.0,923.0,3
1700240885,141.0,920.0,826.0,924.0,3
1700240885,138.0,919.0,824.0,926.0,3
1700240885,138.0,910.0,821.0,927.0,3
1700240885,136.0,897.0,821.0,927.0,3
1700240885,133.0,881.0,821.0,927.0,3
1700240885,139.0,873.0,820.0,927.0,3
1700240885,148.0,872.0,820.0,927.0,3
1700240885,140.0,862.0,820.0,927.0,3
1700240885,134.0,854.0,820.0,927.0,3
1700240885,130.0,847.0,820.0,927.0,3
1700240885,129.0,842.0,820.0,927.0,3
1700240885,153.0,836.0,820.0,927.0,3
1700240885,190.0,830.0,820.0,927.0,3
1700240885,223.0,827.0,820.0,927.0,3
1700240885,250.0,823.0,820.0,927.0,3
1700240885,270.0,819.0,820.0,927.0,3
1700240885,285.0,816.0,820.0,927.0,3
1700240885,296.0,813.0,820.0,927.0,3
1700240885,305.0,813.0,820.0,927.0,3
1700240885,311.0,812.0,820.0,927.0,3
1700240885,314.0,814.0,820.0,927.0,3
1700240885,317.0,814.0,820.0,927.0,3
1700240885,319.0,813.0,820.0,927.0,3
1700240885,322.0,813.0,820.0,927.0,3
1700240885,312.0,791.0,820.0,927.0,3
1700240885,2446.0,959.0,1049.0,839.0,3
1700240886,2447.0,960.0,1049.0,839.0,3
1700240886,2445.0,955.0,1049.0,839.0,3
1700240886,2438.0,947.0,1049.0,839.0,3
1700240886,2431.0,942.0,1049.0,839.0,3
1700240886,2427.0,947.0,1049.0,839.0,3
1700240886,2732.0,892.0,2099.0,689.0,3
1700240886,2698.0,898.0,2093.0,709.0,3
1700240886,2604.0,917.0,2089.0,722.0,3
1700240886,2565.0,923.0,2083.0,741.0,3
1700240886,2562.0,923.0,2083.0,764.0,3
1700240886,2540.0,928.0,2114.0,785.0,3
1700240886,2563.0,927.0,2189.0,796.0,3
1700240886,2571.0,929.0,2269.0,797.0,3
1700240886,2576.0,932.0,2384.0,797.0,3
1700240886,2581.0,935.0,2457.0,797.0,3
1700240886,2584.0,938.0,2469.0,801.0,3
1700240886,2577.0,947.0,2465.0,811.0,3
1700240886,2519.0,971.0,2448.0,836.0,3
1700240886,2245.0,908.0,2477.0,976.0,3
1700240886,2271.0,926.0,2439.0,976.0,3
1700240886,2263.0,924.0,2382.0,973.0,3
1700240886,2251.0,921.0,2339.0,962.0,3
1700240886,2234.0,882.0,2290.0,905.0,3
1700240886,2210.0,753.0,2233.0,802.0,3
1700240886,2182.0,646.0,2200.0,724.0,3
1700240886,2163.0,587.0,2171.0,641.0,3
1700240886,2150.0,548.0,2169.0,607.0,3
1700240886,2142.0,530.0,2171.0,592.0,3
1700240886,2138.0,518.0,2171.0,587.0,3
1700240886,2139.0,511.0,2169.0,579.0,3
1700240886,2141.0,506.0,2166.0,577.0,3
1700240886,2144.0,518.0,2160.0,572.0,3
1700240886,2142.0,527.0,2137.0,554.0,3
1700240886,2141.0,530.0,2108.0,536.0,3
1700240886,2139.0,529.0,2103.0,530.0,3
1700240886,2139.0,530.0,2103.0,523.0,3
1700240886,2137.0,530.0,2103.0,515.0,3
1700240886,2080.0,595.0,2078.0,534.0,3
1700240886,2119.0,584.0,2078.0,534.0,3
1700240886,2143.0,575.0,2078.0,534.0,3
1700240886,2158.0,569.0,2078.0,534.0,3
1700240886,2170.0,563.0,2079.0,535.0,3
1700240886,2176.0,561.0,2092.0,527.0,3
1700240886,2183.0,564.0,2095.0,524.0,3
1700240886,2189.0,567.0,2098.0,524.0,3
1700240886,2194.0,569.0,2099.0,533.0,3
1700240886,2108.0,594.0,2099.0,551.0,3
1700240886,2111.0,596.0,2101.0,556.0,3
1700240886,2114.0,595.0,2101.0,556.0,3
1700240886,2116.0,595.0,2101.0,556.0,3
1700240886,2120.0,595.0,2101.0,556.0,3
1700240886,2123.0,595.0,2101.0,556.0,3
1700240886,2127.0,594.0,2101.0,556.0,3
1700240886,2691.0,490.0,2870.0,501.0,3
1700240886,2725.0,487.0,2869.0,504.0,3
1700240886,2752.0,484.0,2869.0,504.0,3
1700240886,2770.0,482.0,2869.0,504.0,3
1700240886,2745.0,486.0,2869.0,504.0,3
1700240886,2716.0,489.0,2869.0,504.0,3
1700240886,2621.0,503.0,2868.0,505.0,3
1700240886,2446.0,529.0,2866.0,516.0,3
1700240886,2318.0,547.0,2864.0,524.0,3
1700240886,2240.0,554.0,2863.0,525.0,3
1700240886,2198.0,557.0,2861.0,527.0,3
1700240886,2176.0,556.0,2861.0,527.0,3
1700240886,2160.0,553.0,2861.0,527.0,3
1700240886,2149.0,558.0,2861.0,527.0,3
1700240886,2145.0,562.0,2861.0,527.0,3
1700240886,2144.0,565.0,2861.0,527.0,3
1700240886,2138.0,568.0,2860.0,540.0,3
1700240886,2138.0,570.0,2858.0,543.0,3
1700240886,2129.0,520.0,2066.0,420.0,0
1700240886,2128.0,512.0,2066.0,420.0,0
1700240886,2128.0,501.0,2066.0,420.0,3
1700240886,2129.0,488.0,2091.0,424.0,3
1700240886,2129.0,475.0,2123.0,427.0,3
1700240886,2129.0,466.0,2149.0,434.0,3
1700240886,2129.0,458.0,2154.0,440.0,3
1700240886,2196.0,416.0,2154.0,449.0,3
1700240886,2131.0,446.0,2154.0,459.0,3
1700240886,2131.0,442.0,2156.0,465.0,3
1700240886,2131.0,445.0,2153.0,469.0,3
1700240886,2201.0,406.0,2148.0,469.0,3
1700240886,2202.0,405.0,2141.0,469.0,3
1700240886,2203.0,405.0,2136.0,467.0,3
1700240886,2204.0,405.0,2133.0,464.0,3
1700240886,2205.0,406.0,2132.0,463.0,3
1700240886,2205.0,407.0,2132.0,463.0,3
1700240886,2205.0,407.0,2132.0,463.0,3
1700240886,2205.0,407.0,2133.0,462.0,3
1700240886,2205.0,410.0,2134.0,461.0,3
1700240886,2205.0,414.0,2134.0,461.0,3
1700240886,2204.0,419.0,2134.0,460.0,3
1700240886,2204.0,424.0,2126.0,449.0,3
1700240886,2205.0,430.0,2124.0,420.0,3
1700240886,2203.0,432.0,2124.0,419.0,3
1700240886,2201.0,432.0,2124.0,419.0,3
1700240886,2200.0,432.0,2124.0,419.0,3
1700240886,2200.0,432.0,2128.0,408.0,3
1700240886,2201.0,432.0,2129.0,404.0,3
1700240886,2117.0,483.0,2129.0,404.0,3
1700240886,2202.0,433.0,2129.0,404.0,3
1700240886,2118.0,482.0,2127.0,404.0,3
1700240886,2119.0,482.0,2109.0,409.0,3
1700240886,2204.0,434.0,2097.0,412.0,3
1700240886,2205.0,435.0,2086.0,417.0,3
1700240886,2206.0,435.0,2079.0,421.0,3
1700240886,2125.0,481.0,2075.0,425.0,3
1700240886,2208.0,437.0,2070.0,430.0,3
1700240886,2208.0,437.0,2069.0,431.0,3
1700240886,2125.0,481.0,2068.0,432.0,3
1700240886,2208.0,438.0,2068.0,433.0,3
1700240886,2126.0,481.0,2067.0,436.0,3
1700240886,2208.0,440.0,2065.0,439.0,3
1700240886,2127.0,482.0,2065.0,441.0,3
1700240886,2209.0,442.0,2065.0,441.0,3
1700240886,2209.0,443.0,2065.0,441.0,3
1700240886,2208.0,444.0,2065.0,441.0,3
1700240886,2207.0,446.0,2065.0,441.0,0
1700240886,2206.0,448.0,2065.0,441.0,0
1700240886,2205.0,449.0,2065.0,441.0,0
1700240886,2204.0,451.0,2065.0,441.0,3
1700240886,2203.0,452.0,2065.0,441.0,3
1700240886,2201.0,452.0,2065.0,441.0,3
1700240886,2200.0,453.0,2065.0,441.0,3
1700240886,2199.0,453.0,2065.0,441.0,3
1700240886,2198.0,454.0,2065.0,441.0,3
1700240886,2198.0,455.0,2065.0,441.0,3
1700240886,2198.0,457.0,2065.0,441.0,3
1700240886,2197.0,457.0,2065.0,441.0,3
1700240886,2196.0,457.0,2065.0,441.0,3
1700240886,2196.0,457.0,2065.0,441.0,3
1700240886,2196.0,457.0,2065.0,441.0,3
1700240886,2115.0,498.0,2065.0,441.0,3
1700240886,2799.0,780.0,2065.0,441.0,3
1700240887,2790.0,799.0,2065.0,441.0,3
1700240887,2745.0,839.0,2065.0,441.0,3
1700240887,2819.0,896.0,2413.0,954.0,3
1700240887,2818.0,896.0,2413.0,954.0,3
1700240887,2787.0,907.0,2413.0,954.0,3
1700240887,2746.0,930.0,2413.0,954.0,3
1700240887,2712.0,940.0,2391.0,943.0,3
1700240887,2421.0,973.0,2377.0,924.0,3
1700240887,2633.0,980.0,2280.0,898.0,3
1700240887,2126.0,1081.0,2114.0,886.0,3
1700240887,2041.0,1095.0,1965.0,884.0,3
1700240887,1964.0,1111.0,1791.0,884.0,3
1700240887,2350.0,1061.0,1719.0,896.0,3
1700240887,2034.0,1106.0,1718.0,899.0,3
1700240887,2246.0,1080.0,1718.0,903.0,3
1700240887,2335.0,1067.0,1715.0,909.0,3
1700240887,2334.0,1074.0,1708.0,924.0,3
1700240887,2123.0,1090.0,1708.0,939.0,3
1700240887,2196.0,1076.0,1712.0,960.0,3
1700240887,1691.0,1053.0,1707.0,1042.0,3
1700240887,1690.0,1047.0,1700.0,1029.0,3
1700240887,1689.0,1039.0,1694.0,1014.0,3
1700240887,1687.0,1029.0,1688.0,998.0,3
1700240887,1687.0,1019.0,1686.0,993.0,3
1700240887,1688.0,1011.0,1686.0,989.0,3
1700240887,1689.0,1004.0,1686.0,988.0,3
1700240887,1689.0,997.0,1686.0,988.0,3
1700240887,1690.0,993.0,1686.0,987.0,0
1700240887,1690.0,988.0,1686.0,987.0,0
1700240887,1677.0,973.0,1686.0,987.0,0
1700240887,1585.0,884.0,1686.0,987.0,3
1700240887,1359.0,664.0,1680.0,983.0,3
1700240887,1153.0,506.0,1672.0,966.0,3
1700240887,1056.0,430.0,1678.0,961.0,3
1700240887,1017.0,406.0,1678.0,961.0,3
1700240887,1006.0,391.0,1678.0,961.0,3
1700240887,1007.0,382.0,1678.0,961.0,3
1700240887,1008.0,377.0,1678.0,961.0,3
1700240887,1000.0,371.0,1586.0,926.0,3
1700240887,1002.0,367.0,1468.0,876.0,3
1700240887,1003.0,367.0,1283.0,812.0,3
1700240887,1001.0,370.0,1140.0,753.0,3
1700240887,1002.0,370.0,1084.0,720.0,3
1700240887,1003.0,369.0,1089.0,693.0,3
1700240887,1004.0,366.0,1132.0,691.0,3
1700240887,1004.0,362.0,1132.0,691.0,3
1700240887,1001.0,352.0,1132.0,691.0,3
1700240887,996.0,339.0,1134.0,691.0,3
1700240887,993.0,332.0,1088.0,668.0,3
1700240887,995.0,336.0,1060.0,634.0,3
1700240887,993.0,333.0,1059.0,603.0,3
1700240887,992.0,330.0,1056.0,559.0,3
1700240887,997.0,326.0,1045.0,501.0,3
1700240887,1029.0,315.0,1029.0,459.0,3
1700240887,1049.0,309.0,1014.0,417.0,3
1700240887,1035.0,312.0,1010.0,393.0,3
1700240887,1027.0,314.0,1009.0,390.0,3
1700240887,1039.0,539.0,986.0,348.0,3
1700240887,1039.0,526.0,986.0,348.0,3
1700240887,1040.0,517.0,986.0,348.0,0
1700240887,1044.0,516.0,986.0,351.0,0
1700240887,1082.0,605.0,984.0,380.0,0
1700240887,1046.0,509.0,984.0,410.0,0
1700240887,1054.0,511.0,984.0,421.0,0
1700240887,1068.0,518.0,984.0,427.0,0
1700240887,1089.0,527.0,984.0,429.0,0
1700240887,1113.0,538.0,984.0,430.0,0
1700240887,1161.0,612.0,984.0,431.0,0
1700240887,972.0,524.0,984.0,433.0,0
1700240887,1103.0,573.0,984.0,441.0,0
1700240887,1127.0,582.0,984.0,449.0,0
1700240887,1172.0,585.0,984.0,456.0,0
1700240887,1185.0,585.0,986.0,461.0,0
1700240887,1195.0,590.0,987.0,465.0,0
1700240887,1199.0,594.0,987.0,469.0,0
1700240887,1203.0,577.0,987.0,470.0,0
1700240887,1208.0,569.0,987.0,473.0,0
1700240887,1212.0,567.0,988.0,476.0,0
1700240887,1213.0,568.0,988.0,480.0,0
1700240887,1211.0,566.0,990.0,486.0,0
1700240887,1207.0,560.0,991.0,489.0,0
1700240887,1202.0,555.0,993.0,491.0,0
1700240887,1200.0,551.0,994.0,494.0,0
1700240887,1202.0,551.0,996.0,495.0,0
1700240887,1201.0,550.0,997.0,496.0,0
1700240887,1195.0,551.0,997.0,496.0,0
1700240887,1187.0,542.0,997.0,496.0,0
1700240887,1168.0,530.0,997.0,496.0,0
1700240887,1163.0,536.0,998.0,496.0,0
1700240887,1165.0,537.0,1000.0,496.0,0
1700240887,1168.0,532.0,1000.0,496.0,0
1700240887,1159.0,523.0,1001.0,496.0,0
1700240887,1154.0,520.0,1001.0,496.0,0
1700240887,1140.0,508.0,1001.0,496.0,0
1700240887,1127.0,498.0,1002.0,496.0,0
1700240887,1128.0,502.0,1003.0,496.0,0
1700240887,1138.0,509.0,1005.0,496.0,0
1700240887,1143.0,513.0,1006.0,497.0,0
1700240887,1180.0,589.0,1006.0,497.0,0
1700240887,1145.0,519.0,1007.0,497.0,0
1700240887,1183.0,596.0,1007.0,497.0,0
1700240887,1140.0,524.0,1007.0,497.0,0
1700240887,1143.0,536.0,1007.0,497.0,0
1700240887,1129.0,553.0,1007.0,497.0,0
1700240887,1111.0,553.0,1007.0,497.0,0
1700240887,1128.0,559.0,1007.0,497.0,0
1700240887,1130.0,574.0,1007.0,497.0,0
1700240887,1121.0,581.0,1007.0,497.0,0
1700240887,1131.0,587.0,1007.0,497.0,0
1700240887,1135.0,594.0,1007.0,497.0,0
1700240887,1138.0,596.0,1007.0,497.0,0
1700240887,1149.0,595.0,1007.0,497.0,0
1700240887,1165.0,597.0,1007.0,497.0,0
1700240887,1175.0,598.0,1007.0,497.0,0
1700240887,1179.0,595.0,1007.0,497.0,0
1700240887,1175.0,594.0,1007.0,497.0,0
1700240887,1183.0,595.0,1007.0,497.0,0
1700240887,1192.0,599.0,1007.0,497.0,0
1700240887,1193.0,598.0,1007.0,497.0,0
1700240887,1195.0,598.0,1007.0,497.0,0
1700240887,1194.0,601.0,1007.0,497.0,0
1700240887,1185.0,620.0,1007.0,497.0,0
1700240887,1191.0,617.0,1007.0,497.0,0
1700240887,1203.0,612.0,1007.0,497.0,0
1700240887,1209.0,602.0,1007.0,497.0,0
1700240887,1217.0,609.0,1007.0,497.0,0
1700240887,1229.0,651.0,1007.0,497.0,0
1700240887,1232.0,630.0,1007.0,497.0,0
1700240887,1238.0,619.0,1007.0,497.0,0
1700240887,1248.0,614.0,1007.0,497.0,0
1700240887,1259.0,602.0,1007.0,497.0,0
1700240887,1268.0,599.0,1010.0,497.0,0
1700240887,1278.0,590.0,1011.0,497.0,0
1700240887,1303.0,533.0,1013.0,497.0,0
1700240888,1320.0,585.0,1015.0,497.0,0
1700240888,1332.0,581.0,1016.0,497.0,0
1700240888,1321.0,576.0,1016.0,497.0,0
1700240888,1300.0,586.0,1017.0,497.0,0
1700240888,1294.0,595.0,1017.0,497.0,0
1700240888,1286.0,598.0,1017.0,497.0,0
1700240888,1268.0,599.0,1017.0,497.0,0
1700240888,1250.0,597.0,1017.0,497.0,0
1700240888,1242.0,598.0,1017.0,497.0,0
1700240888,1235.0,597.0,1017.0,497.0,0
1700240888,1247.0,556.0,1017.0,497.0,0
1700240888,1149.0,551.0,1017.0,497.0,0
1700240888,909.0,518.0,1017.0,497.0,0
1700240888,833.0,537.0,1017.0,497.0,0
1700240888,745.0,514.0,1017.0,497.0,0
1700240888,698.0,490.0,1017.0,497.0,0
1700240888,695.0,474.0,1017.0,497.0,0
1700240888,689.0,473.0,1017.0,497.0,0
1700240888,665.0,457.0,1017.0,497.0,0
1700240888,659.0,440.0,1017.0,497.0,0
1700240888,664.0,439.0,1017.0,497.0,3
1700240888,666.0,436.0,1017.0,497.0,3
1700240888,673.0,440.0,1023.0,474.0,3
1700240888,684.0,440.0,1033.0,454.0,3
1700240888,688.0,441.0,1050.0,432.0,3
1700240888,692.0,439.0,1052.0,429.0,3
1700240888,696.0,435.0,1053.0,428.0,0
1700240888,699.0,427.0,1053.0,428.0,0
1700240888,703.0,411.0,1053.0,428.0,0
1700240888,712.0,393.0,1053.0,428.0,3
1700240888,721.0,379.0,1038.0,424.0,3
1700240888,728.0,369.0,969.0,405.0,3
1700240888,734.0,362.0,907.0,389.0,3
1700240888,736.0,358.0,852.0,374.0,3
1700240888,738.0,354.0,831.0,368.0,3
1700240888,740.0,350.0,816.0,367.0,3
1700240888,740.0,347.0,793.0,364.0,3
1700240888,742.0,344.0,772.0,362.0,3
1700240888,737.0,346.0,745.0,358.0,3
1700240888,732.0,349.0,736.0,357.0,3
1700240888,728.0,352.0,736.0,357.0,3
1700240888,724.0,356.0,736.0,357.0,3
1700240888,719.0,359.0,736.0,357.0,3
1700240888,714.0,362.0,736.0,357.0,3
1700240888,710.0,365.0,736.0,357.0,3
1700240888,706.0,367.0,735.0,362.0,3
1700240888,703.0,369.0,726.0,397.0,3
1700240888,705.0,371.0,721.0,431.0,3
1700240888,709.0,373.0,726.0,437.0,3
1700240888,713.0,374.0,728.0,437.0,3
1700240888,715.0,374.0,728.0,437.0,3
1700240888,1139.0,332.0,990.0,394.0,3
1700240888,1167.0,329.0,990.0,394.0,3
1700240888,1179.0,329.0,990.0,394.0,3
1700240888,1179.0,330.0,991.0,395.0,3
1700240888,1178.0,328.0,1017.0,381.0,3
1700240888,1180.0,327.0,1066.0,356.0,3
1700240888,1181.0,329.0,1136.0,327.0,3
1700240888,1184.0,331.0,1207.0,316.0,3
1700240888,1184.0,329.0,1263.0,324.0,3
1700240888,1189.0,329.0,1292.0,343.0,3
1700240888,1194.0,329.0,1302.0,358.0,3
1700240888,1199.0,328.0,1308.0,379.0,3
1700240888,1200.0,326.0,1312.0,392.0,3
1700240888,1201.0,325.0,1313.0,396.0,3
1700240888,1202.0,325.0,1313.0,398.0,3
1700240888,1207.0,324.0,1313.0,398.0,3
1700240888,1207.0,326.0,1313.0,398.0,3
1700240888,1207.0,327.0,1313.0,398.0,3
1700240888,1163.0,333.0,1313.0,399.0,3
1700240888,1025.0,348.0,1264.0,404.0,3
1700240888,887.0,358.0,1134.0,398.0,3
1700240888,808.0,390.0,1019.0,382.0,3
1700240888,764.0,382.0,909.0,367.0,3
1700240888,738.0,380.0,861.0,359.0,3
1700240888,731.0,378.0,849.0,355.0,3
1700240888,718.0,375.0,844.0,351.0,3
1700240888,719.0,370.0,824.0,347.0,3
1700240888,707.0,371.0,791.0,342.0,3
1700240888,702.0,371.0,779.0,342.0,3
1700240888,697.0,369.0,771.0,345.0,3
1700240888,701.0,353.0,754.0,350.0,3
1700240888,691.0,344.0,731.0,350.0,3
1700240888,691.0,343.0,722.0,349.0,3
1700240888,686.0,349.0,715.0,345.0,3
1700240888,689.0,352.0,710.0,327.0,3
1700240888,687.0,352.0,709.0,314.0,3
1700240888,688.0,352.0,709.0,305.0,3
1700240888,689.0,348.0,708.0,303.0,3
1700240888,690.0,345.0,708.0,302.0,3
1700240888,2389.0,1061.0,1498.0,442.0,3
1700240888,2355.0,1089.0,1842.0,517.0,3
1700240888,2163.0,524.0,2100.0,495.0,0
1700240888,2162.0,527.0,2100.0,495.0,3
1700240888,2162.0,529.0,2100.0,495.0,3
1700240888,2162.0,531.0,2097.0,501.0,3
1700240888,2162.0,532.0,2093.0,505.0,3
1700240888,2162.0,533.0,2093.0,506.0,3
1700240888,2161.0,534.0,2093.0,506.0,3
1700240888,2161.0,535.0,2093.0,506.0,3
1700240888,2161.0,537.0,2093.0,506.0,3
1700240888,2093.0,570.0,2093.0,506.0,3
1700240888,2902.0,477.0,3024.0,322.0,3
1700240889,2932.0,458.0,2889.0,322.0,3
1700240889,2946.0,432.0,2678.0,327.0,3
1700240889,2959.0,394.0,2508.0,346.0,3
1700240889,2975.0,351.0,2306.0,367.0,3
1700240889,2992.0,306.0,2236.0,385.0,3
1700240889,3056.0,251.0,2272.0,399.0,3
1700240889,3124.0,224.0,2272.0,399.0,3
1700240889,3180.0,200.0,2272.0,399.0,3
1700240889,3127.0,187.0,2272.0,399.0,3
1700240889,2867.0,223.0,2272.0,399.0,3
1700240889,2375.0,311.0,2241.0,410.0,3
1700240889,1060.0,398.0,999.0,580.0,3
1700240889,1062.0,399.0,999.0,558.0,3
1700240889,1064.0,399.0,999.0,538.0,3
1700240889,1066.0,398.0,1003.0,523.0,3
1700240889,1070.0,395.0,1007.0,513.0,3
1700240889,1079.0,390.0,1013.0,516.0,3
1700240889,1080.0,389.0,1050.0,556.0,3
1700240889,1079.0,390.0,1094.0,587.0,3
1700240889,1078.0,392.0,1192.0,637.0,3
1700240889,1078.0,393.0,1271.0,664.0,3
1700240889,1078.0,394.0,1271.0,664.0,3
1700240889,2234.0,490.0,2144.0,598.0,3
1700240889,2232.0,477.0,2135.0,546.0,3
1700240889,2227.0,468.0,2110.0,492.0,3
1700240889,2226.0,460.0,2092.0,457.0,3
1700240889,2226.0,456.0,2081.0,446.0,3
1700240889,2178.0,487.0,2076.0,444.0,3
1700240889,2389.0,787.0,2046.0,324.0,0
1700240889,2419.0,797.0,2046.0,324.0,0
1700240889,2416.0,803.0,2046.0,324.0,0
1700240889,2388.0,806.0,2046.0,324.0,0
1700240889,2453.0,847.0,2046.0,324.0,0
1700240889,2691.0,795.0,2046.0,324.0,0
1700240889,2171.0,528.0,2045.0,304.0,3
1700240889,2165.0,527.0,2044.0,288.0,3
1700240889,2164.0,527.0,2042.0,279.0,3
1700240889,2153.0,528.0,2041.0,277.0,3
1700240889,2152.0,526.0,2041.0,275.0,3
1700240889,2145.0,530.0,2041.0,275.0,3
1700240889,2148.0,531.0,2040.0,274.0,3
1700240889,2150.0,531.0,2040.0,273.0,3
1700240889,2148.0,533.0,2039.0,272.0,3
1700240889,2148.0,533.0,2037.0,269.0,3
1700240889,2149.0,535.0,2035.0,267.0,3
1700240889,2149.0,537.0,2034.0,265.0,3
1700240889,2149.0,541.0,2033.0,264.0,3
1700240889,2148.0,545.0,2033.0,264.0,3
1700240889,2140.0,548.0,2033.0,264.0,0
1700240889,2137.0,554.0,2033.0,264.0,0
1700240889,2127.0,555.0,2033.0,264.0,0
1700240889,2125.0,551.0,2033.0,264.0,3
1700240889,2124.0,550.0,2033.0,264.0,3
1700240889,2123.0,549.0,2033.0,264.0,3
1700240889,2124.0,549.0,2033.0,263.0,3
1700240889,2122.0,548.0,2033.0,260.0,3
1700240889,2121.0,547.0,2033.0,260.0,3
1700240889,2121.0,547.0,2033.0,260.0,3
1700240889,2122.0,548.0,2033.0,260.0,3
1700240889,2122.0,548.0,2033.0,260.0,3
1700240889,2123.0,550.0,2033.0,260.0,3
1700240889,2121.0,550.0,2033.0,260.0,3
1700240889,2120.0,550.0,2033.0,260.0,3
1700240889,2115.0,552.0,2033.0,260.0,3
1700240889,2114.0,551.0,2033.0,260.0,3
1700240889,2114.0,552.0,2024.0,246.0,3
1700240889,2114.0,550.0,2014.0,232.0,3
1700240889,2114.0,547.0,2014.0,232.0,3
1700240889,2112.0,543.0,2014.0,232.0,3
1700240889,2113.0,538.0,2014.0,232.0,3
1700240889,2112.0,536.0,2013.0,229.0,3
1700240889,2110.0,534.0,2012.0,228.0,3
1700240889,2107.0,534.0,2010.0,226.0,3
1700240889,2103.0,530.0,2009.0,223.0,3
1700240889,2099.0,529.0,2007.0,218.0,3
1700240889,2099.0,529.0,2006.0,217.0,3
1700240889,2098.0,527.0,2006.0,217.0,3
1700240889,2098.0,527.0,2006.0,217.0,3
1700240889,2099.0,527.0,2006.0,217.0,3
1700240889,2100.0,530.0,2006.0,217.0,0
1700240889,2099.0,573.0,2006.0,217.0,0
1700240889,2108.0,651.0,2006.0,217.0,3
1700240889,2125.0,710.0,2006.0,217.0,3
1700240889,2145.0,769.0,2006.0,217.0,3
1700240889,2151.0,786.0,2006.0,217.0,3
1700240889,2152.0,796.0,2000.0,220.0,3
1700240889,2071.0,832.0,1995.0,301.0,3
1700240889,2056.0,827.0,1976.0,462.0,3
1700240889,2128.0,829.0,1918.0,631.0,3
1700240889,1851.0,917.0,1722.0,850.0,3
1700240890,1837.0,885.0,1728.0,838.0,3
1700240890,1813.0,844.0,1731.0,830.0,3
1700240890,1792.0,807.0,1731.0,829.0,3
1700240890,1777.0,786.0,1731.0,828.0,3
1700240890,1770.0,774.0,1731.0,825.0,3
1700240890,1765.0,767.0,1731.0,819.0,3
1700240890,1761.0,763.0,1731.0,813.0,3
1700240890,1756.0,758.0,1731.0,800.0,3
1700240890,1750.0,758.0,1731.0,792.0,3
1700240890,1749.0,758.0,1729.0,787.0,3
1700240890,1747.0,759.0,1729.0,787.0,3
1700240890,1747.0,758.0,1728.0,786.0,3
1700240890,1747.0,757.0,1728.0,786.0,3
1700240890,1748.0,756.0,1728.0,785.0,3
1700240890,1749.0,755.0,1728.0,785.0,3
1700240890,1749.0,755.0,1728.0,785.0,0
1700240890,1747.0,756.0,1728.0,785.0,0
1700240890,1746.0,759.0,1728.0,785.0,3
1700240890,1735.0,799.0,1728.0,785.0,3
1700240890,1718.0,859.0,1726.0,791.0,3
1700240890,1703.0,902.0,1709.0,831.0,3
1700240890,1696.0,933.0,1691.0,912.0,3
1700240890,1709.0,970.0,1684.0,971.0,3
1700240890,839.0,554.0,1004.0,636.0,3
1700240890,840.0,553.0,998.0,608.0,3
1700240890,840.0,545.0,988.0,578.0,3
1700240890,828.0,526.0,973.0,553.0,3
1700240890,815.0,511.0,956.0,533.0,3
1700240890,808.0,498.0,934.0,518.0,3
1700240890,805.0,493.0,904.0,504.0,3
1700240890,802.0,490.0,892.0,499.0,3
1700240890,802.0,489.0,889.0,497.0,3
1700240890,802.0,487.0,883.0,494.0,3
1700240890,806.0,483.0,880.0,492.0,3
1700240890,814.0,477.0,876.0,491.0,3
1700240890,811.0,478.0,873.0,488.0,3
1700240890,810.0,476.0,871.0,488.0,3
1700240890,810.0,466.0,863.0,485.0,3
1700240890,811.0,452.0,860.0,480.0,3
1700240890,812.0,441.0,860.0,464.0,3
1700240890,814.0,433.0,860.0,460.0,3
1700240890,814.0,428.0,859.0,459.0,3
1700240890,815.0,424.0,859.0,459.0,3
1700240890,815.0,421.0,859.0,459.0,3
1700240890,816.0,419.0,859.0,466.0,3
1700240890,816.0,418.0,864.0,482.0,3
1700240890,816.0,421.0,869.0,492.0,3
1700240890,817.0,424.0,873.0,499.0,3
1700240890,818.0,428.0,874.0,500.0,3
1700240890,820.0,435.0,874.0,500.0,3
1700240890,822.0,442.0,874.0,500.0,3
1700240890,823.0,451.0,874.0,500.0,3
1700240890,823.0,458.0,874.0,500.0,3
1700240890,823.0,464.0,874.0,503.0,3
1700240890,823.0,468.0,874.0,506.0,3
1700240890,824.0,472.0,876.0,513.0,3
1700240890,823.0,475.0,876.0,515.0,3
1700240890,823.0,477.0,876.0,515.0,3
1700240890,823.0,478.0,876.0,515.0,3
1700240890,823.0,479.0,876.0,515.0,3
1700240890,823.0,479.0,876.0,515.0,3
1700240890,823.0,480.0,876.0,515.0,0
1700240890,824.0,481.0,876.0,515.0,0
1700240890,825.0,481.0,876.0,515.0,3
1700240890,825.0,481.0,876.0,515.0,3
1700240890,825.0,481.0,876.0,515.0,0
1700240890,825.0,481.0,876.0,515.0,0
1700240890,825.0,481.0,876.0,515.0,0
1700240890,825.0,481.0,876.0,515.0,3
1700240890,826.0,481.0,876.0,515.0,3
1700240890,826.0,481.0,878.0,515.0,3
1700240890,826.0,481.0,878.0,500.0,3
1700240890,827.0,481.0,879.0,498.0,3
1700240890,827.0,481.0,879.0,498.0,3
1700240890,827.0,481.0,879.0,498.0,3
1700240890,827.0,481.0,879.0,498.0,3
1700240890,827.0,480.0,884.0,522.0,3
1700240890,828.0,480.0,880.0,540.0,3
1700240890,828.0,480.0,883.0,569.0,3
1700240890,828.0,480.0,888.0,595.0,3
1700240890,829.0,502.0,890.0,604.0,3
1700240890,838.0,513.0,1382.0,302.0,3
1700240890,837.0,513.0,1398.0,284.0,3
1700240890,837.0,513.0,1413.0,268.0,3
1700240890,868.0,496.0,1438.0,248.0,3
1700240890,1023.0,406.0,1468.0,231.0,3
1700240890,1207.0,294.0,1475.0,226.0,3
1700240890,1315.0,227.0,1476.0,225.0,3
1700240890,1368.0,193.0,1459.0,211.0,3
1700240890,1393.0,177.0,1424.0,206.0,3
1700240890,1406.0,169.0,1417.0,204.0,3
1700240890,1412.0,165.0,1417.0,204.0,3
1700240890,1409.0,167.0,1417.0,204.0,3
1700240890,1406.0,169.0,1416.0,203.0,3
1700240890,1403.0,170.0,1424.0,198.0,3
1700240890,1402.0,170.0,1434.0,192.0,3
1700240890,1402.0,169.0,1434.0,192.0,3
1700240890,1402.0,169.0,1435.0,191.0,3
1700240890,1404.0,168.0,1435.0,191.0,3
1700240890,1406.0,167.0,1436.0,189.0,3
1700240890,1407.0,166.0,1436.0,189.0,3
1700240890,1409.0,164.0,1436.0,188.0,3
1700240890,1410.0,163.0,1436.0,188.0,3
1700240890,1411.0,162.0,1436.0,188.0,3
1700240890,1415.0,162.0,1436.0,188.0,0
1700240890,1467.0,177.0,1436.0,188.0,0
1700240890,1666.0,239.0,1436.0,188.0,0
1700240890,1902.0,310.0,1436.0,188.0,3
1700240890,2040.0,351.0,1436.0,188.0,3
1700240890,2103.0,373.0,1421.0,197.0,3
1700240890,2131.0,383.0,1411.0,204.0,3
1700240890,2140.0,395.0,1409.0,204.0,3
1700240890,2148.0,400.0,1409.0,204.0,3
1700240890,2009.0,558.0,2117.0,552.0,3
1700240890,2024.0,503.0,2117.0,552.0,3
1700240890,2017.0,501.0,2117.0,552.0,3
1700240890,2010.0,495.0,2117.0,552.0,3
1700240890,2023.0,476.0,2117.0,552.0,3
1700240890,2039.0,454.0,2105.0,528.0,3
1700240890,2049.0,436.0,2094.0,505.0,3
1700240890,2055.0,419.0,2093.0,480.0,3
1700240890,2060.0,406.0,2093.0,449.0,3
1700240890,2060.0,396.0,2093.0,429.0,3
1700240890,2059.0,387.0,2091.0,411.0,3
1700240890,2060.0,385.0,2088.0,400.0,3
1700240890,2060.0,387.0,2085.0,396.0,3
1700240890,2058.0,388.0,2085.0,396.0,3
1700240890,2059.0,389.0,2083.0,394.0,3
1700240890,2059.0,390.0,2079.0,391.0,3
1700240890,2060.0,390.0,2074.0,388.0,3
1700240890,2061.0,391.0,2071.0,386.0,3
1700240890,2063.0,391.0,2071.0,386.0,3
1700240890,2064.0,392.0,2071.0,386.0,3
1700240890,2068.0,393.0,2071.0,386.0,3
1700240890,2100.0,427.0,2071.0,386.0,3
1700240890,2280.0,609.0,2071.0,386.0,3
1700240890,2427.0,757.0,2071.0,386.0,3
1700240891,2503.0,824.0,2077.0,391.0,3
1700240891,2533.0,863.0,2151.0,429.0,3
1700240891,2553.0,886.0,2296.0,504.0,3
1700240891,2564.0,879.0,2429.0,571.0,3
1700240891,2216.0,533.0,2615.0,772.0,3
1700240891,2212.0,513.0,2468.0,659.0,3
1700240891,2183.0,484.0,2394.0,612.0,3
1700240891,2155.0,460.0,2383.0,594.0,3
1700240891,2133.0,437.0,2383.0,594.0,3
1700240891,2118.0,421.0,2383.0,594.0,3
1700240891,2112.0,412.0,2383.0,594.0,3
1700240891,2107.0,403.0,2383.0,594.0,3
1700240891,2101.0,398.0,2360.0,595.0,3
1700240891,2099.0,397.0,2288.0,556.0,3
1700240891,2106.0,399.0,2229.0,521.0,3
1700240891,2107.0,407.0,2192.0,508.0,3
1700240891,2107.0,412.0,2190.0,508.0,3
1700240891,2121.0,417.0,2173.0,516.0,3
1700240891,2113.0,424.0,2147.0,521.0,3
1700240891,2105.0,430.0,2123.0,519.0,3
1700240891,2099.0,437.0,2086.0,506.0,3
1700240891,2091.0,444.0,2074.0,502.0,3
1700240891,2085.0,450.0,2070.0,502.0,3
1700240891,2079.0,456.0,2067.0,502.0,3
1700240891,2076.0,459.0,2063.0,500.0,3
1700240891,2076.0,452.0,2057.0,496.0,3
1700240891,2075.0,445.0,2053.0,479.0,3
1700240891,2073.0,435.0,2049.0,450.0,3
1700240891,2072.0,424.0,2048.0,437.0,3
1700240891,2072.0,413.0,2052.0,414.0,3
1700240891,2069.0,403.0,2056.0,392.0,3
1700240891,2068.0,394.0,2056.0,387.0,3
1700240891,2070.0,389.0,2056.0,387.0,3
1700240891,2095.0,426.0,2057.0,386.0,3
1700240891,2216.0,614.0,2062.0,395.0,3
1700240891,2357.0,770.0,2067.0,406.0,3
1700240891,2439.0,848.0,2071.0,418.0,3
1700240891,2438.0,889.0,2073.0,424.0,3
1700240891,2435.0,905.0,2073.0,428.0,3
1700240891,2426.0,918.0,2073.0,428.0,3
1700240891,2408.0,932.0,2073.0,428.0,3
1700240891,2402.0,940.0,2073.0,428.0,3
1700240891,2397.0,944.0,2073.0,428.0,3
1700240891,2395.0,947.0,2066.0,422.0,3
1700240891,2405.0,947.0,2060.0,393.0,3
1700240891,2425.0,945.0,2059.0,364.0,3
1700240891,2416.0,951.0,2069.0,348.0,3
1700240891,2410.0,953.0,2086.0,336.0,3
1700240891,2400.0,936.0,2093.0,332.0,3
1700240891,2302.0,731.0,2093.0,332.0,3
1700240891,2191.0,510.0,2093.0,332.0,3
1700240891,2140.0,409.0,2093.0,332.0,3
1700240891,2120.0,370.0,2093.0,332.0,3
1700240891,2108.0,352.0,2093.0,332.0,3
1700240891,2099.0,340.0,2093.0,332.0,3
1700240891,2094.0,337.0,2093.0,332.0,3
1700240891,2092.0,335.0,2096.0,322.0,3
1700240891,2092.0,332.0,2096.0,315.0,3
1700240891,2092.0,332.0,2094.0,313.0,3
1700240891,2093.0,331.0,2087.0,312.0,3
1700240891,2094.0,329.0,2082.0,316.0,3
1700240891,2092.0,330.0,2077.0,319.0,3
1700240891,2091.0,331.0,2075.0,319.0,3
1700240891,2090.0,332.0,2074.0,318.0,3
1700240891,2090.0,331.0,2071.0,323.0,3
1700240891,2091.0,331.0,2071.0,340.0,3
1700240891,2091.0,331.0,2074.0,370.0,3
1700240891,2090.0,335.0,2087.0,401.0,3
1700240891,2087.0,355.0,2092.0,423.0,3
1700240891,2084.0,383.0,2094.0,441.0,3
1700240891,2079.0,413.0,2094.0,458.0,3
1700240891,2075.0,436.0,2096.0,466.0,3
1700240891,2072.0,450.0,2096.0,473.0,3
1700240891,2070.0,457.0,2096.0,473.0,3
1700240891,2069.0,462.0,2096.0,474.0,3
1700240891,2068.0,467.0,2096.0,475.0,3
1700240891,2077.0,469.0,2097.0,479.0,3
1700240891,2093.0,471.0,2097.0,484.0,3
1700240891,2090.0,476.0,2097.0,488.0,3
1700240891,2087.0,480.0,2097.0,491.0,3
1700240891,2084.0,480.0,2097.0,493.0,3
1700240891,2083.0,473.0,2097.0,496.0,3
1700240891,2082.0,450.0,2097.0,501.0,3
1700240891,2081.0,413.0,2097.0,503.0,3
1700240891,2079.0,381.0,2097.0,503.0,3
1700240891,2080.0,357.0,2097.0,503.0,3
1700240891,2079.0,343.0,2097.0,503.0,3
1700240891,2077.0,334.0,2097.0,503.0,3
1700240891,2076.0,329.0,2097.0,503.0,3
1700240891,2075.0,326.0,2101.0,488.0,3
1700240891,2073.0,322.0,2103.0,457.0,3
1700240891,2072.0,322.0,2108.0,432.0,3
1700240891,2071.0,325.0,2109.0,400.0,3
1700240891,2070.0,327.0,2101.0,383.0,3
1700240891,2069.0,328.0,2095.0,376.0,3
1700240891,2069.0,329.0,2091.0,373.0,3
1700240891,2068.0,330.0,2090.0,373.0,3
1700240891,2068.0,330.0,2086.0,372.0,3
1700240891,2068.0,330.0,2082.0,372.0,3
1700240891,2068.0,330.0,2076.0,372.0,3
1700240891,2067.0,332.0,2069.0,372.0,3
1700240891,2067.0,335.0,2066.0,372.0,3
1700240891,2066.0,338.0,2060.0,375.0,3
1700240891,2066.0,343.0,2059.0,383.0,3
1700240891,2065.0,347.0,2063.0,384.0,3
1700240891,2065.0,352.0,2066.0,380.0,3
1700240891,2066.0,355.0,2066.0,378.0,3
1700240891,2066.0,358.0,2065.0,376.0,3
1700240891,2067.0,359.0,2064.0,375.0,3
1700240891,2067.0,361.0,2062.0,374.0,3
1700240891,2068.0,364.0,2060.0,373.0,3
1700240891,2080.0,395.0,2059.0,372.0,3
1700240891,2080.0,396.0,2059.0,372.0,3
1700240891,2080.0,395.0,2059.0,372.0,3
1700240891,2073.0,368.0,2059.0,372.0,3
1700240891,2073.0,368.0,2066.0,372.0,3
1700240891,2073.0,368.0,2072.0,375.0,3
1700240891,2074.0,368.0,2078.0,379.0,3
1700240891,2074.0,370.0,2084.0,385.0,3
1700240891,2074.0,372.0,2088.0,396.0,3
1700240891,2074.0,374.0,2088.0,405.0,3
1700240891,2074.0,375.0,2088.0,410.0,3
1700240891,2079.0,375.0,2087.0,411.0,3
1700240891,2094.0,374.0,2084.0,412.0,3
1700240891,2093.0,378.0,2081.0,413.0,3
1700240891,2091.0,380.0,2080.0,414.0,3
1700240891,2098.0,380.0,2080.0,414.0,3
1700240891,2118.0,380.0,2080.0,414.0,3
1700240891,2113.0,384.0,2076.0,410.0,3
1700240891,2117.0,385.0,2070.0,404.0,3
1700240891,2144.0,385.0,2063.0,399.0,3
1700240891,2175.0,385.0,2059.0,394.0,3
1700240891,2221.0,380.0,2058.0,388.0,3
1700240891,2258.0,382.0,2058.0,382.0,3
1700240891,2276.0,386.0,2059.0,377.0,3
1700240891,2313.0,391.0,2059.0,377.0,3
1700240891,2344.0,399.0,2059.0,377.0,3
1700240891,2348.0,413.0,2059.0,377.0,3
1700240891,2311.0,427.0,2059.0,377.0,3
1700240891,2282.0,434.0,2059.0,377.0,3
1700240891,2256.0,437.0,2059.0,377.0,3
1700240891,2232.0,436.0,2059.0,377.0,3
1700240891,2214.0,440.0,2059.0,377.0,3
1700240891,2197.0,444.0,2059.0,377.0,3
1700240891,2183.0,445.0,2059.0,375.0,3
1700240891,2171.0,444.0,2059.0,375.0,3
1700240891,2170.0,441.0,2059.0,375.0,3
1700240891,2174.0,440.0,2059.0,375.0,3
1700240891,2189.0,438.0,2059.0,375.0,3
1700240891,2216.0,435.0,2059.0,375.0,3
1700240891,2254.0,436.0,2059.0,375.0,3
1700240891,2295.0,439.0,2059.0,375.0,3
1700240891,2334.0,447.0,2056.0,386.0,3
1700240891,2363.0,457.0,2059.0,397.0,3
1700240891,2387.0,469.0,2063.0,406.0,3
1700240891,2398.0,481.0,2063.0,413.0,3
1700240891,2395.0,492.0,2063.0,414.0,3
1700240891,2402.0,500.0,2063.0,414.0,3
1700240891,2391.0,509.0,2063.0,414.0,3
1700240891,2379.0,516.0,2063.0,414.0,3
1700240891,2368.0,521.0,2063.0,414.0,3
1700240891,2373.0,526.0,2063.0,414.0,0
1700240891,2387.0,532.0,2063.0,414.0,0
1700240891,2382.0,539.0,2063.0,414.0,0
1700240891,2377.0,545.0,2063.0,414.0,3
1700240891,2371.0,550.0,2063.0,414.0,3
1700240891,2367.0,552.0,2072.0,415.0,3
1700240891,2364.0,554.0,2100.0,414.0,3
1700240891,2361.0,555.0,2120.0,414.0,3
1700240891,2357.0,556.0,2122.0,414.0,3
1700240891,2355.0,555.0,2120.0,415.0,3
1700240891,2358.0,553.0,2114.0,421.0,3
1700240891,2368.0,552.0,2108.0,431.0,3
1700240891,2388.0,553.0,2102.0,437.0,3
1700240891,2409.0,557.0,2095.0,440.0,3
1700240891,2429.0,564.0,2089.0,441.0,3
1700240891,2445.0,570.0,2080.0,445.0,3
1700240891,2447.0,578.0,2076.0,447.0,3
1700240891,2440.0,586.0,2073.0,450.0,3
1700240891,2445.0,591.0,2072.0,451.0,3
1700240891,2440.0,596.0,2071.0,452.0,3
1700240891,2443.0,600.0,2071.0,452.0,3
1700240891,2430.0,604.0,2071.0,455.0,3
1700240891,2418.0,606.0,2074.0,462.0,3
1700240891,2403.0,611.0,2082.0,473.0,3
1700240891,2381.0,614.0,2084.0,480.0,3
1700240891,2355.0,613.0,2085.0,485.0,3
1700240891,2325.0,609.0,2086.0,486.0,3
1700240891,2296.0,604.0,2086.0,486.0,3
1700240891,2271.0,599.0,2086.0,486.0,3
1700240891,2251.0,594.0,2086.0,489.0,3
1700240891,2235.0,587.0,2088.0,494.0,3
1700240891,2220.0,579.0,2088.0,495.0,3
1700240891,2208.0,570.0,2088.0,496.0,3
1700240891,2197.0,564.0,2089.0,497.0,3
1700240891,2188.0,555.0,2093.0,493.0,3
1700240891,2179.0,548.0,2093.0,487.0,3
1700240891,2173.0,541.0,2093.0,485.0,3
1700240891,2167.0,535.0,2093.0,485.0,3
1700240891,2162.0,530.0,2093.0,484.0,3
1700240891,2157.0,527.0,2093.0,484.0,3
1700240891,2152.0,523.0,2093.0,484.0,3
1700240891,2149.0,519.0,2093.0,484.0,0
1700240891,2146.0,516.0,2093.0,484.0,0
1700240891,2143.0,513.0,2093.0,484.0,0
1700240891,2139.0,510.0,2093.0,484.0,3
1700240891,2136.0,507.0,2093.0,484.0,3
1700240891,2133.0,505.0,2095.0,481.0,3
1700240891,2131.0,503.0,2100.0,479.0,3
1700240891,2128.0,500.0,2103.0,479.0,3
1700240891,2126.0,499.0,2108.0,480.0,3
1700240891,2125.0,498.0,2111.0,484.0,3
1700240891,2123.0,496.0,2111.0,486.0,3
1700240891,2121.0,495.0,2111.0,488.0,3
1700240891,2120.0,494.0,2111.0,488.0,3
1700240891,2118.0,493.0,2111.0,488.0,3
1700240891,2116.0,492.0,2111.0,488.0,3
1700240891,2114.0,493.0,2109.0,490.0,3
1700240891,2113.0,493.0,2107.0,491.0,3
1700240891,2112.0,493.0,2107.0,491.0,3
1700240891,2111.0,492.0,2102.0,489.0,3
1700240891,2110.0,491.0,2094.0,486.0,3
1700240891,2096.0,472.0,2091.0,483.0,3
1700240891,2090.0,481.0,2086.0,516.0,3
1700240891,2105.0,513.0,2086.0,518.0,3
1700240891,2105.0,517.0,2086.0,518.0,3
1700240891,2103.0,517.0,2085.0,519.0,3
1700240891,2101.0,517.0,2084.0,521.0,3
1700240891,2101.0,517.0,2083.0,525.0,3
1700240891,2100.0,517.0,2083.0,529.0,3
1700240891,2099.0,517.0,2083.0,534.0,3
1700240891,2099.0,517.0,2083.0,538.0,3
1700240891,2100.0,517.0,2083.0,540.0,3
1700240891,2101.0,517.0,2083.0,540.0,3
1700240891,2113.0,514.0,2083.0,540.0,3
1700240891,2121.0,513.0,2083.0,540.0,3
1700240891,2139.0,511.0,2083.0,540.0,0
1700240891,2135.0,514.0,2083.0,540.0,0
1700240891,2133.0,515.0,2083.0,540.0,0
1700240891,2131.0,517.0,2083.0,540.0,3
1700240891,2131.0,518.0,2083.0,540.0,3
1700240891,2130.0,519.0,2087.0,541.0,3
1700240891,2130.0,519.0,2096.0,547.0,3
1700240891,2129.0,520.0,2098.0,549.0,3
1700240891,2127.0,521.0,2098.0,556.0,3
1700240891,2125.0,522.0,2098.0,566.0,3
1700240891,2122.0,526.0,2098.0,575.0,3
1700240891,2120.0,531.0,2093.0,581.0,3
1700240891,2117.0,536.0,2089.0,586.0,3
1700240891,2115.0,540.0,2089.0,586.0,3
1700240891,2112.0,543.0,2088.0,587.0,3
1700240891,2111.0,545.0,2087.0,587.0,3
1700240891,2109.0,548.0,2087.0,587.0,3
1700240891,2107.0,550.0,2086.0,587.0,3
1700240891,2111.0,550.0,2086.0,587.0,3
1700240891,2131.0,550.0,2085.0,588.0,3
1700240891,2149.0,551.0,2085.0,588.0,3
1700240891,2144.0,557.0,2085.0,588.0,0
1700240891,2141.0,561.0,2085.0,588.0,0
1700240891,2138.0,563.0,2085.0,588.0,0
1700240891,2136.0,565.0,2085.0,588.0,3
1700240891,2134.0,565.0,2085.0,588.0,3
1700240891,2130.0,568.0,2079.0,596.0,3
1700240891,2132.0,570.0,2079.0,604.0,3
1700240891,2151.0,570.0,2079.0,609.0,3
1700240891,2165.0,573.0,2079.0,609.0,3
1700240891,2158.0,577.0,2079.0,609.0,3
1700240891,2154.0,581.0,2079.0,609.0,3
1700240891,2149.0,585.0,2079.0,609.0,3
1700240891,2164.0,578.0,2079.0,609.0,3
1700240891,2357.0,484.0,2079.0,609.0,3
1700240891,2520.0,378.0,2079.0,609.0,3
1700240891,2701.0,302.0,2079.0,609.0,3
1700240891,3003.0,229.0,2079.0,609.0,3
1700240891,3124.0,208.0,2079.0,609.0,3
1700240891,3159.0,210.0,2079.0,609.0,3
1700240891,3167.0,223.0,2079.0,609.0,3
1700240891,3166.0,235.0,2079.0,609.0,3
1700240891,3252.0,242.0,2079.0,609.0,3
1700240891,3296.0,264.0,2079.0,609.0,3
1700240891,3308.0,283.0,2079.0,609.0,3
1700240892,3252.0,307.0,2079.0,609.0,3
1700240892,3221.0,331.0,2079.0,609.0,3
1700240892,3173.0,353.0,2079.0,609.0,3
1700240892,3047.0,384.0,2079.0,609.0,3
1700240892,2890.0,416.0,2079.0,609.0,3
1700240892,2793.0,427.0,2079.0,609.0,3
1700240892,2741.0,423.0,2079.0,609.0,3
1700240892,2712.0,414.0,2079.0,609.0,3
1700240892,2691.0,408.0,2079.0,609.0,3
1700240892,2714.0,395.0,2079.0,609.0,3
1700240892,2744.0,384.0,2079.0,609.0,3
1700240892,2760.0,378.0,2079.0,609.0,3
1700240892,2777.0,371.0,2079.0,609.0,3
1700240892,2798.0,361.0,2079.0,609.0,3
1700240892,2819.0,349.0,2079.0,609.0,3
1700240892,2836.0,339.0,2079.0,609.0,3
1700240892,2843.0,331.0,2079.0,609.0,3
1700240892,2845.0,325.0,2079.0,609.0,3
1700240892,2848.0,322.0,2079.0,609.0,3
1700240892,2849.0,318.0,2079.0,609.0,3
1700240892,2851.0,314.0,2079.0,609.0,3
1700240892,2851.0,309.0,2079.0,609.0,3
1700240892,2851.0,306.0,2079.0,609.0,3
1700240892,2852.0,303.0,2079.0,609.0,3
1700240892,2853.0,300.0,2079.0,609.0,3
1700240892,2853.0,299.0,2079.0,609.0,3
1700240892,2979.0,234.0,2079.0,609.0,3
1700240892,2991.0,233.0,2079.0,609.0,3
1700240892,3007.0,225.0,2079.0,609.0,3
1700240892,3024.0,225.0,2079.0,609.0,3
1700240892,3037.0,226.0,2079.0,609.0,3
1700240892,3049.0,228.0,2079.0,609.0,3
1700240892,3060.0,230.0,2079.0,609.0,3
1700240892,3068.0,231.0,2079.0,609.0,3
1700240892,3073.0,235.0,2079.0,609.0,3
1700240892,3079.0,236.0,2079.0,609.0,3
1700240892,3083.0,237.0,2079.0,609.0,3
1700240892,3086.0,238.0,2079.0,609.0,3
1700240892,3089.0,232.0,2079.0,609.0,3
1700240892,3092.0,220.0,2079.0,609.0,3
1700240892,3094.0,207.0,2079.0,609.0,3
1700240892,3097.0,195.0,2079.0,609.0,3
1700240892,3100.0,183.0,2079.0,609.0,3
1700240892,3103.0,175.0,2079.0,609.0,3
1700240892,3106.0,169.0,2079.0,609.0,3
1700240892,3107.0,164.0,2079.0,609.0,3
1700240892,3108.0,160.0,2079.0,609.0,3
1700240892,3107.0,155.0,2079.0,609.0,3
1700240892,3107.0,152.0,2079.0,609.0,3
1700240892,3108.0,151.0,2079.0,609.0,3
1700240892,3108.0,150.0,2079.0,609.0,3
1700240892,3095.0,154.0,2079.0,609.0,3
1700240892,2976.0,193.0,2079.0,609.0,3
1700240892,2651.0,334.0,2079.0,609.0,3
1700240892,2337.0,514.0,2079.0,609.0,3
1700240892,2189.0,617.0,2082.0,613.0,3
1700240892,2126.0,654.0,2088.0,619.0,3
1700240892,2103.0,670.0,2090.0,621.0,3
1700240892,2098.0,672.0,2092.0,622.0,3
1700240892,2097.0,674.0,2093.0,623.0,3
1700240892,2097.0,667.0,2093.0,623.0,3
1700240892,2101.0,658.0,2093.0,623.0,3
1700240892,2107.0,657.0,2094.0,626.0,3
1700240892,2110.0,654.0,2094.0,634.0,3
1700240892,2111.0,652.0,2095.0,639.0,3
1700240892,2112.0,650.0,2096.0,640.0,3
1700240892,2113.0,649.0,2096.0,640.0,3
1700240892,2113.0,647.0,2096.0,640.0,3
1700240892,2113.0,647.0,2096.0,640.0,3
1700240892,2113.0,646.0,2096.0,640.0,3
1700240892,2112.0,645.0,2096.0,640.0,3
1700240892,2112.0,644.0,2096.0,640.0,3
1700240892,2112.0,643.0,2096.0,640.0,3
1700240892,2111.0,642.0,2096.0,640.0,0
1700240892,2110.0,641.0,2096.0,640.0,0
1700240892,2110.0,642.0,2096.0,640.0,3
1700240892,2110.0,642.0,2096.0,640.0,3
1700240892,2110.0,642.0,2096.0,640.0,3
1700240892,2111.0,647.0,2096.0,640.0,3
1700240892,2112.0,647.0,2096.0,640.0,3
1700240892,2113.0,648.0,2096.0,640.0,3
1700240892,2113.0,648.0,2096.0,640.0,3
1700240892,2114.0,649.0,2096.0,640.0,3
1700240892,2114.0,648.0,2101.0,637.0,3
1700240892,2114.0,647.0,2104.0,629.0,3
1700240892,2113.0,647.0,2106.0,620.0,3
1700240892,2111.0,646.0,2107.0,617.0,3
1700240892,2109.0,646.0,2107.0,617.0,3
1700240892,2109.0,645.0,2107.0,617.0,3
1700240892,2107.0,643.0,2107.0,617.0,3
1700240892,2105.0,641.0,2107.0,617.0,3
1700240892,2103.0,638.0,2107.0,617.0,3
1700240892,2110.0,634.0,2106.0,615.0,3
1700240892,2216.0,570.0,2105.0,614.0,3
1700240892,2506.0,408.0,2105.0,614.0,3
1700240892,2771.0,275.0,2105.0,614.0,3
1700240892,2893.0,214.0,2105.0,614.0,3
1700240892,2943.0,191.0,2105.0,614.0,3
1700240892,2965.0,185.0,2105.0,614.0,3
1700240892,2976.0,185.0,2105.0,614.0,3
1700240892,2977.0,187.0,2105.0,614.0,3
1700240892,2979.0,190.0,2105.0,614.0,3
1700240892,3016.0,192.0,2105.0,614.0,3
1700240892,3047.0,193.0,2105.0,614.0,3
1700240892,3068.0,197.0,2105.0,614.0,3
1700240892,3121.0,195.0,2105.0,614.0,0
1700240892,3121.0,195.0,2105.0,614.0,3
1700240892,3121.0,195.0,2105.0,614.0,3
1700240892,3120.0,194.0,2105.0,614.0,3
1700240892,3120.0,194.0,2105.0,614.0,3
1700240892,3119.0,193.0,2105.0,614.0,3
1700240892,3119.0,192.0,2105.0,614.0,3
1700240892,3118.0,191.0,2105.0,614.0,3
1700240892,3118.0,189.0,2105.0,614.0,3
1700240892,3118.0,187.0,2105.0,614.0,3
1700240892,3117.0,185.0,2105.0,614.0,3
1700240892,3115.0,186.0,2105.0,614.0,3
1700240892,3113.0,188.0,2105.0,614.0,3
1700240892,3112.0,190.0,2105.0,614.0,3
1700240892,3110.0,193.0,2105.0,614.0,3
1700240892,1862.0,1394.0,1683.0,1028.0,3
1700240892,1828.0,1307.0,1693.0,1036.0,3
1700240892,1896.0,1090.0,1696.0,1041.0,3
1700240892,1869.0,1065.0,1696.0,1045.0,3
1700240892,1832.0,1057.0,1695.0,1050.0,3
1700240892,1799.0,1056.0,1695.0,1059.0,3
1700240892,1775.0,1058.0,1695.0,1065.0,3
1700240892,1761.0,1061.0,1694.0,1066.0,3
1700240892,1751.0,1062.0,1694.0,1066.0,3
1700240892,1746.0,1063.0,1694.0,1066.0,3
1700240892,1740.0,1065.0,1694.0,1066.0,3
1700240892,1737.0,1066.0,1694.0,1066.0,0
1700240892,1735.0,1067.0,1694.0,1066.0,0
1700240892,1731.0,1068.0,1694.0,1066.0,0
1700240892,1722.0,1068.0,1694.0,1066.0,0
1700240892,1703.0,1054.0,1694.0,1066.0,3
1700240892,1625.0,965.0,1694.0,1066.0,0
1700240892,1427.0,741.0,1694.0,1066.0,0
1700240892,1307.0,580.0,1694.0,1066.0,0
1700240892,1258.0,511.0,1689.0,1066.0,3
1700240892,1235.0,480.0,1621.0,1039.0,3
1700240892,1224.0,463.0,1515.0,961.0,3
1700240892,1215.0,459.0,1341.0,848.0,3
1700240892,1191.0,457.0,1173.0,771.0,3
1700240892,1135.0,455.0,1070.0,739.0,3
1700240892,1081.0,452.0,1061.0,739.0,3
1700240892,1047.0,452.0,1061.0,739.0,3
1700240892,1024.0,456.0,1061.0,739.0,3
1700240892,1011.0,458.0,1061.0,739.0,3
1700240892,998.0,455.0,1061.0,739.0,3
1700240892,986.0,450.0,1075.0,724.0,3
1700240892,978.0,451.0,1091.0,706.0,3
1700240892,978.0,453.0,1104.0,670.0,3
1700240892,977.0,454.0,1106.0,650.0,3
1700240892,977.0,455.0,1105.0,648.0,3
1700240892,978.0,456.0,1105.0,647.0,3
1700240892,977.0,459.0,1105.0,647.0,0
1700240892,972.0,466.0,1105.0,647.0,0
1700240892,960.0,480.0,1105.0,647.0,0
1700240892,944.0,499.0,1105.0,647.0,3
1700240892,927.0,517.0,1105.0,647.0,3
1700240892,914.0,539.0,1105.0,647.0,3
1700240892,908.0,553.0,1105.0,647.0,3
1700240892,900.0,565.0,1105.0,647.0,3
1700240892,890.0,577.0,1105.0,647.0,3
1700240892,876.0,591.0,1105.0,647.0,3
1700240892,836.0,585.0,1105.0,647.0,3
1700240892,815.0,535.0,1105.0,647.0,3
1700240892,778.0,511.0,1105.0,647.0,3
1700240892,717.0,547.0,1105.0,647.0,3
1700240892,690.0,537.0,1105.0,647.0,3
1700240892,683.0,527.0,1105.0,647.0,3
1700240892,680.0,525.0,1105.0,647.0,3
1700240892,678.0,522.0,1105.0,647.0,3
1700240892,673.0,519.0,1105.0,647.0,3
1700240892,669.0,518.0,1105.0,647.0,3
1700240892,667.0,518.0,1105.0,647.0,3
1700240892,666.0,516.0,1105.0,647.0,3
1700240892,666.0,514.0,1105.0,647.0,3
1700240892,667.0,512.0,1105.0,647.0,3
1700240892,671.0,509.0,1105.0,647.0,3
1700240892,914.0,619.0,1105.0,647.0,3
1700240892,914.0,625.0,1105.0,647.0,3
1700240892,911.0,637.0,1105.0,647.0,3
1700240892,910.0,629.0,1105.0,647.0,3
1700240892,908.0,626.0,1105.0,647.0,3
1700240892,907.0,622.0,1105.0,647.0,3
1700240892,905.0,615.0,1105.0,647.0,3
1700240892,900.0,610.0,1105.0,647.0,3
1700240892,898.0,605.0,1105.0,647.0,3
1700240892,899.0,602.0,1105.0,647.0,3
1700240892,901.0,600.0,1105.0,647.0,3
1700240892,901.0,597.0,1105.0,647.0,3
1700240892,898.0,594.0,1105.0,647.0,3
1700240892,898.0,589.0,1105.0,647.0,3
1700240892,899.0,588.0,1105.0,647.0,3
1700240892,906.0,586.0,1105.0,647.0,3
1700240892,961.0,571.0,1105.0,647.0,3
1700240892,1081.0,538.0,1105.0,647.0,3
1700240892,1193.0,509.0,1105.0,647.0,3
1700240892,1269.0,494.0,1105.0,647.0,3
1700240892,1316.0,488.0,1105.0,647.0,3
1700240892,1343.0,485.0,1105.0,647.0,3
1700240892,1359.0,482.0,1105.0,647.0,3
1700240892,1365.0,481.0,1105.0,647.0,3
1700240892,1390.0,464.0,1105.0,647.0,3
1700240892,1477.0,429.0,1105.0,647.0,3
1700240892,1521.0,413.0,1105.0,647.0,3
1700240892,1506.0,410.0,1105.0,647.0,3
1700240892,1417.0,429.0,1105.0,647.0,3
1700240892,1312.0,460.0,1105.0,647.0,3
1700240892,1234.0,480.0,1105.0,647.0,3
1700240892,1183.0,497.0,1105.0,647.0,3
1700240892,1146.0,514.0,1105.0,647.0,3
1700240892,1118.0,529.0,1105.0,647.0,3
1700240892,1100.0,542.0,1105.0,647.0,3
1700240892,1060.0,563.0,1105.0,647.0,3
1700240892,983.0,582.0,1105.0,647.0,3
1700240892,933.0,597.0,1105.0,647.0,3
1700240892,906.0,607.0,1105.0,647.0,3
1700240892,894.0,603.0,1105.0,647.0,3
1700240892,883.0,604.0,1105.0,647.0,3
1700240892,876.0,609.0,1105.0,647.0,3
1700240892,870.0,613.0,1105.0,647.0,3
1700240892,868.0,615.0,1105.0,647.0,3
1700240892,869.0,616.0,1105.0,647.0,3
1700240892,870.0,617.0,1105.0,647.0,3
1700240892,870.0,617.0,1105.0,647.0,3
1700240892,870.0,615.0,1105.0,647.0,3
1700240892,870.0,615.0,1105.0,647.0,3
1700240892,870.0,614.0,1105.0,647.0,3
1700240892,871.0,613.0,1105.0,647.0,3
1700240892,871.0,613.0,1105.0,647.0,3
1700240892,873.0,615.0,1105.0,647.0,3
1700240892,879.0,620.0,1105.0,647.0,3
1700240892,887.0,629.0,1105.0,647.0,3
1700240892,895.0,637.0,1105.0,647.0,3
1700240892,901.0,644.0,1105.0,647.0,3
1700240892,907.0,650.0,1105.0,647.0,3
1700240892,913.0,664.0,1105.0,647.0,3
1700240892,922.0,683.0,1105.0,647.0,3
1700240892,924.0,678.0,1105.0,647.0,3
1700240892,926.0,677.0,1105.0,647.0,3
1700240892,928.0,676.0,1105.0,647.0,3
1700240892,929.0,674.0,1105.0,647.0,3
1700240892,930.0,674.0,1105.0,647.0,3
1700240892,929.0,674.0,1105.0,647.0,3
1700240892,928.0,675.0,1105.0,647.0,3
1700240892,927.0,674.0,1105.0,647.0,3
1700240892,928.0,672.0,1105.0,647.0,3
1700240892,929.0,671.0,1105.0,647.0,3
1700240892,929.0,669.0,1105.0,647.0,3
1700240892,930.0,668.0,1105.0,647.0,3
1700240892,931.0,668.0,1105.0,647.0,3
1700240892,931.0,665.0,1105.0,647.0,3
1700240892,931.0,663.0,1105.0,647.0,3
1700240892,932.0,661.0,1105.0,647.0,3
1700240892,933.0,659.0,1105.0,647.0,3
1700240892,933.0,659.0,1105.0,647.0,3
1700240892,933.0,657.0,1105.0,647.0,3
1700240892,935.0,656.0,1105.0,647.0,3
1700240892,935.0,656.0,1105.0,647.0,3
1700240892,934.0,656.0,1105.0,647.0,3
1700240892,934.0,656.0,1105.0,647.0,3
1700240892,933.0,656.0,1105.0,647.0,3
1700240892,933.0,656.0,1105.0,647.0,3
1700240892,933.0,656.0,1105.0,647.0,3
1700240892,932.0,656.0,1105.0,647.0,3
1700240892,912.0,676.0,1105.0,647.0,3
1700240892,917.0,673.0,1105.0,647.0,3
1700240892,919.0,671.0,1105.0,647.0,3
1700240892,921.0,670.0,1105.0,647.0,3
1700240892,922.0,670.0,1105.0,647.0,3
1700240892,922.0,669.0,1105.0,647.0,3
1700240892,922.0,669.0,1105.0,647.0,3
1700240892,923.0,668.0,1105.0,647.0,3
1700240892,925.0,668.0,1105.0,647.0,3
1700240892,927.0,667.0,1105.0,647.0,3
1700240892,930.0,666.0,1105.0,647.0,3
1700240892,929.0,664.0,1105.0,647.0,3
1700240892,929.0,662.0,1105.0,647.0,3
1700240892,931.0,660.0,1105.0,647.0,3
1700240892,933.0,656.0,1105.0,647.0,3
1700240892,931.0,648.0,1105.0,647.0,3
1700240892,931.0,646.0,1105.0,647.0,3
1700240892,930.0,650.0,1105.0,647.0,3
1700240892,930.0,651.0,1105.0,647.0,3
1700240892,930.0,652.0,1105.0,647.0,3
1700240892,930.0,652.0,1105.0,647.0,3
1700240892,930.0,652.0,1105.0,647.0,3
1700240892,930.0,652.0,1105.0,647.0,3
1700240892,931.0,652.0,1105.0,647.0,3
1700240892,932.0,650.0,1105.0,647.0,3
1700240892,933.0,649.0,1105.0,647.0,3
1700240892,934.0,649.0,1105.0,647.0,3
1700240892,935.0,650.0,1105.0,647.0,3
1700240892,935.0,649.0,1105.0,647.0,3
1700240892,935.0,651.0,1105.0,647.0,3
1700240892,936.0,652.0,1105.0,647.0,3
1700240892,937.0,658.0,1105.0,647.0,3
1700240892,939.0,670.0,1105.0,647.0,3
1700240892,939.0,675.0,1105.0,647.0,3
1700240892,939.0,678.0,1105.0,647.0,3
1700240892,936.0,679.0,1105.0,647.0,3
1700240892,931.0,684.0,1105.0,647.0,3
1700240892,926.0,683.0,1105.0,647.0,3
1700240892,921.0,673.0,1105.0,647.0,3
1700240892,912.0,655.0,1105.0,647.0,3
1700240892,906.0,636.0,1105.0,647.0,3
1700240892,903.0,619.0,1105.0,647.0,3
1700240892,893.0,604.0,1105.0,647.0,3
1700240892,886.0,597.0,1105.0,647.0,3
1700240892,886.0,589.0,1105.0,647.0,3
1700240892,887.0,585.0,1105.0,647.0,3
1700240892,889.0,587.0,1105.0,647.0,3
1700240892,890.0,588.0,1105.0,647.0,3
1700240892,891.0,586.0,1105.0,647.0,3
1700240892,893.0,588.0,1105.0,647.0,3
1700240892,894.0,591.0,1105.0,647.0,3
1700240892,896.0,596.0,1105.0,647.0,3
1700240892,899.0,603.0,1105.0,647.0,3
1700240892,902.0,613.0,1105.0,647.0,3
1700240892,931.0,614.0,1105.0,647.0,3
1700240892,909.0,624.0,1105.0,647.0,3
1700240892,911.0,627.0,1105.0,647.0,3
1700240892,952.0,649.0,1105.0,647.0,3
1700240892,951.0,647.0,1105.0,647.0,3
1700240892,951.0,639.0,1105.0,647.0,3
1700240892,948.0,623.0,1105.0,647.0,3
1700240892,943.0,603.0,1105.0,647.0,3
1700240892,941.0,595.0,1105.0,647.0,3
1700240892,937.0,586.0,1105.0,647.0,3
1700240892,937.0,579.0,1105.0,647.0,3
1700240892,940.0,570.0,1105.0,647.0,3
1700240892,959.0,625.0,1105.0,647.0,3
1700240892,942.0,564.0,1105.0,647.0,3
1700240892,944.0,562.0,1105.0,647.0,3
1700240892,944.0,560.0,1105.0,647.0,3
1700240892,946.0,558.0,1105.0,647.0,3
1700240892,950.0,554.0,1105.0,647.0,3
1700240892,952.0,601.0,1105.0,647.0,3
1700240892,933.0,590.0,1105.0,647.0,3
1700240892,935.0,588.0,1105.0,647.0,3
1700240892,932.0,583.0,1105.0,647.0,3
1700240892,944.0,588.0,1105.0,647.0,3
1700240892,946.0,588.0,1105.0,647.0,3
1700240892,949.0,556.0,1105.0,647.0,3
1700240892,949.0,557.0,1105.0,647.0,3
1700240892,949.0,557.0,1105.0,647.0,3
1700240892,949.0,558.0,1105.0,647.0,3
1700240892,950.0,559.0,1105.0,647.0,3
1700240892,942.0,586.0,1105.0,647.0,3
1700240892,938.0,588.0,1105.0,647.0,3
1700240892,933.0,592.0,1105.0,647.0,3
1700240892,932.0,596.0,1105.0,647.0,3
1700240892,932.0,601.0,1105.0,647.0,3
1700240892,933.0,609.0,1105.0,647.0,3
1700240892,931.0,617.0,1105.0,647.0,3
1700240892,932.0,631.0,1105.0,647.0,3
1700240892,927.0,633.0,1105.0,647.0,3
1700240892,922.0,635.0,1105.0,647.0,3
1700240892,932.0,649.0,1105.0,647.0,3
1700240892,932.0,654.0,1105.0,647.0,3
1700240892,929.0,654.0,1105.0,647.0,3
1700240892,927.0,656.0,1105.0,647.0,3
1700240892,926.0,656.0,1105.0,647.0,3
1700240892,924.0,657.0,1105.0,647.0,3
1700240892,917.0,658.0,1105.0,647.0,3
1700240892,930.0,637.0,1105.0,647.0,3
1700240892,929.0,638.0,1105.0,647.0,3
1700240892,917.0,657.0,1105.0,647.0,3
1700240892,930.0,637.0,1105.0,647.0,3
1700240892,930.0,637.0,1105.0,647.0,3
1700240892,932.0,638.0,1105.0,647.0,3
1700240892,924.0,659.0,1105.0,647.0,3
1700240892,925.0,659.0,1105.0,647.0,3
1700240892,926.0,659.0,1105.0,647.0,3
1700240892,927.0,659.0,1105.0,647.0,3
1700240892,928.0,659.0,1105.0,647.0,3
1700240892,916.0,654.0,1105.0,647.0,3
1700240892,920.0,656.0,1105.0,647.0,3
1700240892,911.0,655.0,1105.0,647.0,3
1700240892,902.0,652.0,1105.0,647.0,3
1700240892,907.0,659.0,1105.0,647.0,3
1700240892,912.0,663.0,1105.0,647.0,3
1700240892,918.0,670.0,1105.0,647.0,3
1700240892,925.0,675.0,1105.0,647.0,3
1700240892,930.0,676.0,1105.0,647.0,3
1700240892,934.0,676.0,1105.0,647.0,3
1700240892,938.0,673.0,1105.0,647.0,3
1700240892,941.0,672.0,1105.0,647.0,3
1700240892,946.0,672.0,1105.0,647.0,3
1700240892,950.0,673.0,1105.0,647.0,3
1700240892,949.0,671.0,1105.0,647.0,3
1700240892,949.0,671.0,1105.0,647.0,3
1700240892,947.0,669.0,1105.0,647.0,3
1700240892,949.0,665.0,1105.0,647.0,3
1700240892,949.0,667.0,1105.0,647.0,3
1700240892,949.0,668.0,1105.0,647.0,3
1700240892,953.0,673.0,1105.0,647.0,3
1700240892,953.0,671.0,1105.0,647.0,3
1700240892,952.0,670.0,1105.0,647.0,3
1700240892,926.0,582.0,1105.0,647.0,3
1700240892,920.0,583.0,1105.0,647.0,3
1700240892,924.0,584.0,1105.0,647.0,3
1700240892,1035.0,573.0,1105.0,647.0,3
1700240892,1408.0,665.0,1105.0,647.0,3
1700240892,2568.0,260.0,2207.0,476.0,3
1700240893,2741.0,229.0,2356.0,456.0,3
1700240893,2754.0,220.0,2385.0,443.0,3
1700240893,2758.0,213.0,2393.0,432.0,3
1700240893,2716.0,218.0,2412.0,407.0,3
1700240893,2686.0,220.0,2458.0,388.0,3
1700240893,2654.0,221.0,2547.0,376.0,3
1700240893,2620.0,226.0,2657.0,358.0,3
1700240893,2601.0,229.0,2692.0,347.0,3
1700240893,2633.0,226.0,2693.0,346.0,3
1700240893,2694.0,220.0,2693.0,346.0,0
1700240893,2813.0,211.0,2693.0,346.0,0
1700240893,2911.0,204.0,2693.0,346.0,0
1700240893,2976.0,202.0,2693.0,346.0,3
1700240893,3015.0,203.0,2692.0,346.0,3
1700240893,3036.0,204.0,2685.0,355.0,3
1700240893,3049.0,205.0,2681.0,366.0,3
1700240893,3056.0,209.0,2672.0,374.0,3
1700240893,3061.0,212.0,2643.0,373.0,3
1700240893,3065.0,214.0,2643.0,373.0,3
1700240893,3068.0,216.0,2643.0,373.0,3
1700240893,3058.0,222.0,2643.0,373.0,3
1700240893,3044.0,231.0,2643.0,373.0,3
1700240893,3031.0,240.0,2661.0,385.0,3
1700240893,3018.0,251.0,2683.0,404.0,3
1700240893,3003.0,264.0,2682.0,406.0,3
1700240893,3013.0,280.0,2681.0,406.0,3
1700240893,3031.0,294.0,2688.0,406.0,3
1700240893,3047.0,302.0,2757.0,409.0,3
1700240893,3058.0,305.0,2859.0,409.0,3
1700240893,3067.0,310.0,2920.0,409.0,3
1700240893,3075.0,313.0,2941.0,398.0,3
1700240893,3078.0,317.0,2941.0,398.0,3
1700240893,3082.0,320.0,2941.0,398.0,3
1700240893,3084.0,325.0,2941.0,398.0,3
1700240893,3025.0,327.0,3081.0,397.0,3
1700240893,2881.0,381.0,3081.0,397.0,3
1700240893,2890.0,397.0,3081.0,397.0,3
1700240893,2895.0,409.0,3081.0,397.0,3
1700240893,2905.0,418.0,3081.0,397.0,3
1700240893,2917.0,425.0,3081.0,397.0,3
1700240893,2921.0,433.0,3081.0,397.0,3
1700240893,2921.0,429.0,3081.0,397.0,3
1700240893,2923.0,419.0,3081.0,397.0,3
1700240893,2925.0,403.0,3081.0,397.0,3
1700240893,2927.0,388.0,3081.0,397.0,3
1700240893,2925.0,379.0,3081.0,397.0,3
1700240893,2924.0,370.0,3081.0,397.0,3
1700240893,2924.0,362.0,3081.0,397.0,3
1700240893,2911.0,358.0,3081.0,397.0,3
1700240893,2867.0,358.0,3081.0,397.0,3
1700240893,2799.0,365.0,3081.0,397.0,3
1700240893,2741.0,369.0,3081.0,397.0,3
1700240893,2700.0,369.0,3081.0,397.0,3
1700240893,2672.0,369.0,3081.0,397.0,3
1700240893,2651.0,372.0,3081.0,397.0,3
1700240893,2638.0,373.0,3081.0,397.0,3
1700240893,2630.0,373.0,3081.0,397.0,3
1700240893,2626.0,374.0,3081.0,397.0,3
1700240893,2624.0,374.0,3079.0,400.0,3
1700240893,2622.0,373.0,3070.0,402.0,3
1700240893,2619.0,371.0,3042.0,402.0,3
1700240893,2616.0,366.0,2999.0,402.0,3
1700240893,2613.0,359.0,2921.0,394.0,3
1700240893,2611.0,353.0,2831.0,376.0,3
1700240893,2609.0,347.0,2778.0,363.0,3
1700240893,2607.0,341.0,2713.0,353.0,3
1700240893,2605.0,336.0,2681.0,347.0,3
1700240893,2604.0,331.0,2674.0,346.0,3
1700240893,2603.0,327.0,2671.0,344.0,3
1700240893,2602.0,322.0,2666.0,341.0,3
1700240893,2602.0,318.0,2664.0,335.0,3
1700240893,2601.0,315.0,2658.0,324.0,3
1700240893,2601.0,314.0,2640.0,311.0,3
1700240893,2601.0,312.0,2626.0,307.0,3
1700240893,2601.0,311.0,2620.0,305.0,3
1700240893,2608.0,310.0,2620.0,305.0,3
1700240893,2620.0,309.0,2620.0,305.0,3
1700240893,2634.0,308.0,2620.0,305.0,3
1700240893,2647.0,308.0,2620.0,305.0,3
1700240893,2658.0,308.0,2627.0,311.0,3
1700240893,2667.0,309.0,2636.0,317.0,3
1700240893,2675.0,308.0,2639.0,319.0,3
1700240893,2682.0,308.0,2640.0,319.0,3
1700240893,2687.0,309.0,2640.0,319.0,3
1700240893,2691.0,310.0,2640.0,319.0,0
1700240893,2694.0,310.0,2640.0,319.0,0
1700240893,2695.0,309.0,2640.0,319.0,3
1700240893,2701.0,309.0,2640.0,319.0,3
1700240893,2709.0,310.0,2640.0,319.0,0
1700240893,2717.0,309.0,2640.0,319.0,0
1700240893,2722.0,309.0,2640.0,319.0,0
1700240893,2727.0,308.0,2640.0,319.0,3
1700240893,2733.0,308.0,2669.0,320.0,3
1700240893,2928.0,297.0,3086.0,321.0,0
1700240893,2936.0,298.0,3086.0,321.0,0
1700240893,2946.0,297.0,3086.0,321.0,3
1700240893,2958.0,297.0,3086.0,321.0,3
1700240893,2968.0,297.0,3086.0,321.0,0
1700240893,2979.0,298.0,3086.0,321.0,0
1700240893,2988.0,298.0,3086.0,321.0,0
1700240893,2995.0,299.0,3086.0,321.0,0
1700240893,3000.0,301.0,3086.0,321.0,3
1700240893,3003.0,303.0,3086.0,321.0,3
1700240893,3006.0,304.0,3086.0,321.0,3
1700240893,3005.0,304.0,3087.0,320.0,3
1700240893,3004.0,304.0,3085.0,317.0,3
1700240893,3003.0,305.0,3083.0,314.0,3
1700240893,3002.0,305.0,3081.0,312.0,3
1700240893,3001.0,306.0,3081.0,312.0,3
1700240893,3000.0,306.0,3081.0,312.0,3
1700240893,2999.0,306.0,3081.0,312.0,0
1700240893,2998.0,307.0,3081.0,312.0,0
1700240893,2846.0,513.0,2725.0,292.0,0
1700240893,2844.0,526.0,2725.0,292.0,0
1700240893,2850.0,518.0,2725.0,292.0,3
1700240893,2848.0,515.0,2725.0,292.0,3
1700240893,2835.0,526.0,2725.0,292.0,0
1700240893,2812.0,536.0,2725.0,292.0,0
1700240893,2783.0,545.0,2725.0,292.0,0
1700240893,2782.0,596.0,2725.0,292.0,3
1700240893,2790.0,536.0,2716.0,292.0,3
1700240893,2798.0,529.0,2670.0,292.0,3
1700240893,2794.0,523.0,2632.0,288.0,3
1700240893,2796.0,521.0,2616.0,287.0,3
1700240893,2794.0,526.0,2616.0,287.0,3
1700240893,2777.0,540.0,2616.0,287.0,3
1700240893,2746.0,588.0,2615.0,287.0,3
1700240893,2780.0,566.0,2615.0,287.0,3
1700240893,2791.0,558.0,2615.0,287.0,3
1700240893,2772.0,585.0,2615.0,287.0,0
1700240893,2742.0,612.0,2615.0,287.0,0
1700240893,2772.0,592.0,2615.0,287.0,0
1700240893,2766.0,598.0,2615.0,287.0,0
1700240893,2760.0,595.0,2615.0,287.0,3
1700240893,2609.0,627.0,2604.0,295.0,3
1700240893,2728.0,607.0,2586.0,307.0,3
1700240893,2631.0,700.0,2566.0,316.0,3
1700240893,2491.0,382.0,2466.0,307.0,0
1700240893,2497.0,384.0,2466.0,307.0,0
1700240893,2437.0,508.0,2466.0,307.0,3
1700240893,2433.0,506.0,2466.0,307.0,3
1700240893,2431.0,502.0,2477.0,307.0,3
1700240893,2444.0,486.0,2516.0,307.0,3
1700240893,2525.0,408.0,2541.0,307.0,3
1700240893,2517.0,422.0,2547.0,307.0,3
1700240893,2507.0,437.0,2548.0,307.0,3
1700240893,2342.0,517.0,2548.0,307.0,3
1700240893,2333.0,526.0,2548.0,307.0,0
1700240893,2320.0,536.0,2548.0,307.0,0
1700240893,2305.0,544.0,2548.0,307.0,0
1700240893,2447.0,470.0,2548.0,307.0,3
1700240893,2293.0,550.0,2548.0,307.0,3
1700240893,2289.0,555.0,2548.0,307.0,3
1700240893,2288.0,557.0,2544.0,311.0,3
1700240893,2450.0,486.0,2519.0,317.0,3
1700240893,2297.0,558.0,2499.0,319.0,3
1700240893,2463.0,487.0,2491.0,319.0,3
1700240893,2459.0,496.0,2485.0,319.0,3
1700240893,2569.0,352.0,2707.0,330.0,0
1700240894,2586.0,375.0,2707.0,330.0,0
1700240894,2423.0,500.0,2707.0,330.0,0
1700240894,2644.0,453.0,2707.0,330.0,3
1700240894,2440.0,513.0,2707.0,330.0,3
1700240894,2656.0,443.0,2707.0,330.0,0
1700240894,2516.0,610.0,2707.0,330.0,0
1700240894,2650.0,433.0,2707.0,330.0,0
1700240894,2625.0,641.0,2713.0,329.0,3
1700240894,2688.0,418.0,2742.0,329.0,3
1700240894,2706.0,418.0,2801.0,327.0,3
1700240894,2707.0,410.0,2855.0,323.0,3
1700240894,2569.0,573.0,2885.0,319.0,3
1700240894,2586.0,569.0,2889.0,317.0,3
1700240894,2722.0,469.0,2890.0,317.0,3
1700240894,2592.0,593.0,2892.0,316.0,3
1700240894,2652.0,624.0,2892.0,316.0,3
1700240894,2648.0,612.0,2892.0,316.0,3
1700240894,2635.0,595.0,2892.0,316.0,3
1700240894,2783.0,522.0,2892.0,316.0,3
1700240894,2784.0,514.0,2892.0,316.0,3
1700240894,2778.0,482.0,2893.0,316.0,3
1700240894,2591.0,556.0,2893.0,316.0,3
1700240894,2570.0,530.0,2897.0,316.0,3
1700240894,2558.0,532.0,2900.0,316.0,3
1700240894,2995.0,313.0,3086.0,326.0,3
1700240894,2876.0,489.0,3082.0,327.0,3
1700240894,2912.0,493.0,3066.0,330.0,3
1700240894,2961.0,482.0,3057.0,332.0,3
1700240894,2999.0,378.0,3052.0,332.0,3
1700240894,2951.0,374.0,3046.0,334.0,3
1700240894,2809.0,476.0,3045.0,333.0,3
1700240894,2737.0,468.0,3045.0,333.0,3
1700240894,2672.0,467.0,3045.0,333.0,3
1700240894,2623.0,452.0,3045.0,333.0,3
1700240894,2779.0,340.0,3045.0,333.0,3
1700240894,2576.0,444.0,3045.0,333.0,3
1700240894,2605.0,420.0,3045.0,333.0,0
1700240894,2582.0,430.0,3045.0,333.0,0
1700240894,2556.0,435.0,3044.0,333.0,0
1700240894,2544.0,455.0,3026.0,333.0,0
1700240894,2539.0,451.0,2962.0,334.0,0
1700240894,2528.0,450.0,2861.0,334.0,0
1700240894,2509.0,470.0,2793.0,334.0,0
1700240894,2492.0,467.0,2725.0,334.0,0
1700240894,2486.0,467.0,2670.0,334.0,0
1700240894,2484.0,465.0,2620.0,334.0,0
1700240894,2471.0,462.0,2575.0,335.0,0
1700240894,2460.0,461.0,2556.0,335.0,0
1700240894,2459.0,469.0,2544.0,335.0,0
1700240894,2455.0,472.0,2535.0,335.0,0
1700240894,2443.0,466.0,2519.0,335.0,0
1700240894,2429.0,458.0,2505.0,335.0,0
1700240894,2417.0,455.0,2496.0,335.0,0
1700240894,2399.0,456.0,2495.0,335.0,0
1700240894,2388.0,454.0,2495.0,335.0,0
1700240894,2381.0,455.0,2494.0,335.0,0
1700240894,2370.0,461.0,2490.0,335.0,0
1700240894,2472.0,407.0,2412.0,335.0,0
1700240894,2477.0,408.0,2412.0,335.0,0
1700240894,2420.0,406.0,2412.0,335.0,0
1700240894,2430.0,406.0,2412.0,335.0,0
1700240894,2434.0,412.0,2412.0,335.0,0
1700240894,2455.0,444.0,2412.0,335.0,0
1700240894,2490.0,475.0,2412.0,335.0,0
1700240894,2661.0,426.0,2412.0,335.0,0
1700240894,2728.0,425.0,2412.0,335.0,0
1700240894,2778.0,423.0,2412.0,335.0,0
1700240894,2801.0,419.0,2412.0,335.0,0
1700240894,2822.0,414.0,2412.0,335.0,0
1700240894,2854.0,417.0,2412.0,335.0,0
1700240894,2870.0,420.0,2412.0,335.0,0
1700240894,2878.0,418.0,2412.0,335.0,0
1700240894,2765.0,640.0,2412.0,335.0,0
1700240894,2875.0,411.0,2412.0,335.0,0
1700240894,2743.0,600.0,2412.0,335.0,0
1700240894,2880.0,413.0,2413.0,336.0,0
1700240894,2883.0,413.0,2439.0,343.0,0
1700240894,2883.0,409.0,2475.0,349.0,0
1700240894,2828.0,565.0,2511.0,351.0,0
1700240894,2823.0,555.0,2530.0,351.0,0
1700240894,2830.0,549.0,2553.0,351.0,0
1700240894,2833.0,536.0,2578.0,351.0,0
1700240894,2837.0,537.0,2600.0,351.0,0
1700240894,2864.0,517.0,2616.0,351.0,0
1700240894,2839.0,499.0,2623.0,351.0,0
1700240894,2886.0,375.0,2626.0,351.0,0
1700240894,2886.0,370.0,2626.0,351.0,0
1700240894,2843.0,542.0,2626.0,351.0,0
1700240894,2851.0,561.0,2626.0,351.0,0
1700240894,2896.0,381.0,2626.0,351.0,0
1700240894,2892.0,393.0,2626.0,351.0,0
1700240894,2882.0,433.0,2624.0,347.0,0
1700240894,3066.0,464.0,3081.0,390.0,3
1700240894,2939.0,609.0,3058.0,397.0,3
1700240894,2767.0,769.0,2904.0,482.0,3
1700240894,1691.0,1067.0,1642.0,1019.0,3
1700240894,1691.0,1066.0,1642.0,1019.0,3
1700240894,1691.0,1062.0,1643.0,1018.0,3
1700240894,1690.0,1060.0,1647.0,1018.0,3
1700240894,1689.0,1057.0,1647.0,1018.0,3
1700240894,1687.0,1053.0,1647.0,1018.0,3
1700240894,1687.0,1050.0,1647.0,1018.0,3
1700240894,1686.0,1048.0,1647.0,1018.0,3
1700240894,1685.0,1046.0,1647.0,1018.0,0
1700240894,1651.0,1008.0,1647.0,1018.0,0
1700240894,1487.0,853.0,1647.0,1018.0,3
1700240894,1307.0,705.0,1637.0,1012.0,3
1700240894,1220.0,629.0,1549.0,967.0,3
1700240894,1187.0,603.0,1403.0,908.0,3
1700240894,1177.0,595.0,1223.0,843.0,3
1700240894,1168.0,587.0,1159.0,809.0,3
1700240894,1159.0,580.0,1163.0,798.0,3
1700240894,1161.0,576.0,1163.0,798.0,3
1700240894,1165.0,578.0,1163.0,798.0,3
1700240894,1163.0,570.0,1163.0,798.0,3
1700240894,1166.0,567.0,1159.0,797.0,3
1700240894,1168.0,574.0,1141.0,796.0,3
1700240894,1164.0,607.0,1110.0,815.0,3
1700240894,1143.0,647.0,1103.0,860.0,3
1700240894,1131.0,683.0,1096.0,879.0,3
1700240894,1132.0,707.0,1095.0,881.0,3
1700240894,1126.0,707.0,1094.0,882.0,3
1700240894,1115.0,738.0,1084.0,882.0,3
1700240894,1105.0,766.0,1076.0,880.0,3
1700240894,1095.0,786.0,1061.0,876.0,3
1700240894,1076.0,797.0,1044.0,872.0,3
1700240894,1064.0,807.0,1039.0,871.0,3
1700240894,1059.0,810.0,1037.0,871.0,3
1700240894,1060.0,807.0,1030.0,868.0,3
1700240894,1058.0,805.0,1027.0,867.0,3
1700240894,1057.0,809.0,1026.0,867.0,3
1700240894,1054.0,811.0,1025.0,866.0,3
1700240894,1052.0,813.0,1025.0,866.0,3
1700240894,1050.0,816.0,1022.0,866.0,3
1700240894,1048.0,818.0,1020.0,866.0,3
1700240894,1046.0,819.0,1020.0,866.0,3
1700240894,1044.0,822.0,1018.0,864.0,3
1700240894,1042.0,825.0,1017.0,864.0,3
1700240894,1041.0,827.0,1017.0,864.0,3
1700240894,1039.0,829.0,1017.0,864.0,3
1700240894,1038.0,831.0,1017.0,864.0,3
1700240894,1037.0,831.0,1017.0,864.0,3
1700240894,1036.0,833.0,1017.0,864.0,3
1700240894,1036.0,834.0,1017.0,864.0,3
1700240894,1037.0,835.0,1016.0,863.0,3
1700240894,1040.0,836.0,1016.0,863.0,3
1700240894,1038.0,838.0,1016.0,863.0,3
1700240894,1036.0,840.0,1016.0,863.0,3
1700240894,1035.0,842.0,1016.0,863.0,3
1700240894,1033.0,842.0,1016.0,863.0,3
1700240894,1033.0,843.0,1016.0,863.0,3
1700240894,1032.0,844.0,1016.0,862.0,3
1700240894,1032.0,845.0,1016.0,862.0,3
1700240894,1030.0,846.0,1017.0,860.0,3
1700240894,1029.0,847.0,1018.0,858.0,3
1700240894,1028.0,849.0,1018.0,858.0,3
1700240894,1028.0,851.0,1018.0,858.0,3
1700240894,1027.0,852.0,1018.0,858.0,3
1700240894,1025.0,853.0,1018.0,858.0,3
1700240894,1024.0,854.0,1018.0,858.0,3
1700240894,1024.0,854.0,1018.0,858.0,3
1700240894,1023.0,856.0,1018.0,858.0,3
1700240894,1022.0,856.0,1018.0,858.0,3
1700240894,1021.0,858.0,1018.0,858.0,3
1700240894,1021.0,858.0,1018.0,858.0,3
1700240894,1021.0,859.0,1018.0,858.0,0
1700240894,1020.0,859.0,1018.0,858.0,0
1700240894,1020.0,859.0,1018.0,858.0,0
1700240894,1020.0,859.0,1018.0,858.0,3
1700240894,1020.0,859.0,1018.0,858.0,3
1700240894,1019.0,859.0,1018.0,858.0,3
1700240894,1019.0,860.0,1018.0,858.0,3
1700240894,1019.0,860.0,1018.0,858.0,3
1700240894,1019.0,859.0,1018.0,858.0,3
1700240894,1019.0,860.0,1018.0,858.0,3
1700240894,1019.0,860.0,1018.0,858.0,3
1700240894,1019.0,860.0,1018.0,858.0,3
1700240894,991.0,862.0,1018.0,858.0,3
1700240894,914.0,849.0,1018.0,858.0,3
1700240894,806.0,854.0,1018.0,858.0,3
1700240894,725.0,854.0,1018.0,858.0,3
1700240894,674.0,860.0,1018.0,858.0,3
1700240894,645.0,858.0,1018.0,858.0,3
1700240894,629.0,858.0,1018.0,858.0,3
1700240894,615.0,863.0,1018.0,858.0,3
1700240894,653.0,850.0,1018.0,858.0,3
1700240894,642.0,853.0,1018.0,858.0,3
1700240894,635.0,859.0,1018.0,858.0,3
1700240894,628.0,858.0,1018.0,858.0,3
1700240894,619.0,857.0,1018.0,858.0,3
1700240894,613.0,857.0,1018.0,858.0,3
1700240894,615.0,857.0,1018.0,858.0,3
1700240894,639.0,852.0,1018.0,858.0,3
1700240894,821.0,824.0,1018.0,858.0,3
1700240894,1202.0,783.0,1018.0,858.0,3
1700240894,1607.0,766.0,1018.0,858.0,3
1700240895,2017.0,746.0,1018.0,858.0,3
1700240895,2116.0,731.0,1018.0,858.0,3
1700240895,2196.0,731.0,1018.0,858.0,3
1700240895,2207.0,728.0,1018.0,858.0,3
1700240895,2209.0,732.0,1018.0,858.0,3
1700240895,2206.0,733.0,1018.0,858.0,3
1700240895,2203.0,734.0,1018.0,858.0,3
1700240895,2201.0,735.0,1018.0,858.0,3
1700240895,1901.0,717.0,1018.0,858.0,3
1700240895,1781.0,716.0,1018.0,858.0,0
1700240895,1459.0,734.0,1018.0,858.0,0
1700240895,1062.0,780.0,1018.0,858.0,0
1700240895,851.0,791.0,1018.0,858.0,3
1700240895,775.0,790.0,1018.0,858.0,3
1700240895,779.0,799.0,1018.0,858.0,3
1700240895,757.0,794.0,1018.0,858.0,3
1700240895,743.0,793.0,1018.0,858.0,3
1700240895,735.0,795.0,1018.0,858.0,3
1700240895,729.0,803.0,1018.0,858.0,3
1700240895,712.0,815.0,1018.0,858.0,3
1700240895,637.0,819.0,1018.0,858.0,3
1700240895,587.0,825.0,1018.0,858.0,3
1700240895,572.0,837.0,1018.0,858.0,3
1700240895,553.0,842.0,1018.0,858.0,3
1700240895,537.0,843.0,1018.0,858.0,3
1700240895,814.0,516.0,934.0,564.0,3
1700240895,815.0,512.0,926.0,533.0,3
1700240895,814.0,509.0,925.0,514.0,3
1700240895,775.0,458.0,918.0,536.0,3
1700240895,776.0,452.0,918.0,536.0,3
1700240895,777.0,448.0,918.0,536.0,3
1700240895,779.0,443.0,918.0,536.0,3
1700240895,780.0,438.0,918.0,536.0,3
1700240895,781.0,435.0,918.0,536.0,3
1700240895,782.0,432.0,918.0,536.0,3
1700240895,782.0,429.0,918.0,536.0,3
1700240895,783.0,428.0,918.0,536.0,3
1700240895,784.0,427.0,918.0,536.0,3
1700240895,784.0,426.0,918.0,536.0,3
1700240895,785.0,425.0,918.0,536.0,3
1700240895,785.0,425.0,918.0,536.0,3
1700240895,786.0,424.0,909.0,523.0,3
1700240895,787.0,425.0,896.0,484.0,3
1700240895,896.0,466.0,976.0,585.0,3
1700240895,893.0,469.0,975.0,586.0,3
1700240895,891.0,471.0,975.0,586.0,3
1700240895,862.0,446.0,974.0,586.0,3
1700240895,862.0,450.0,971.0,586.0,3
1700240895,863.0,455.0,969.0,586.0,3
1700240895,862.0,457.0,964.0,583.0,3
1700240895,862.0,459.0,960.0,582.0,3
1700240895,863.0,461.0,950.0,578.0,3
1700240895,864.0,462.0,939.0,574.0,3
1700240895,864.0,463.0,932.0,572.0,3
1700240895,865.0,464.0,924.0,568.0,3
1700240895,866.0,464.0,910.0,561.0,3
1700240895,863.0,466.0,896.0,552.0,3
1700240895,854.0,470.0,884.0,546.0,3
1700240895,843.0,473.0,871.0,541.0,3
1700240895,832.0,477.0,856.0,536.0,3
1700240895,822.0,480.0,851.0,534.0,3
1700240895,815.0,483.0,847.0,533.0,3
1700240895,809.0,486.0,847.0,533.0,3
1700240895,804.0,490.0,843.0,522.0,3
1700240895,802.0,491.0,841.0,510.0,3
1700240895,805.0,489.0,841.0,499.0,3
1700240895,808.0,487.0,840.0,494.0,3
1700240895,810.0,486.0,840.0,494.0,3
1700240895,811.0,485.0,840.0,494.0,3
1700240895,813.0,484.0,840.0,494.0,3
1700240895,815.0,483.0,839.0,495.0,3
1700240895,817.0,482.0,838.0,496.0,3
1700240895,819.0,481.0,838.0,496.0,3
1700240895,822.0,480.0,838.0,496.0,3
1700240895,824.0,479.0,838.0,496.0,3
1700240895,826.0,479.0,838.0,496.0,0
1700240895,827.0,479.0,838.0,496.0,0
1700240895,828.0,479.0,838.0,496.0,0
1700240895,829.0,479.0,838.0,496.0,3
1700240895,830.0,479.0,838.0,496.0,3
1700240895,827.0,483.0,838.0,496.0,0
1700240895,777.0,548.0,838.0,496.0,0
1700240895,677.0,672.0,838.0,496.0,0
1700240895,612.0,761.0,838.0,496.0,0
1700240895,575.0,806.0,838.0,496.0,3
1700240895,556.0,828.0,838.0,496.0,3
1700240895,547.0,838.0,838.0,496.0,3
1700240895,542.0,843.0,838.0,496.0,3
1700240895,539.0,846.0,838.0,508.0,3
1700240895,536.0,846.0,838.0,534.0,3
1700240895,535.0,851.0,846.0,558.0,3
1700240895,532.0,849.0,853.0,574.0,3
1700240895,531.0,849.0,866.0,596.0,3
1700240895,532.0,849.0,876.0,608.0,3
1700240895,531.0,848.0,879.0,614.0,3
1700240895,530.0,847.0,884.0,621.0,3
1700240895,530.0,847.0,888.0,625.0,3
1700240895,530.0,848.0,892.0,629.0,3
1700240895,530.0,849.0,897.0,636.0,3
1700240895,530.0,850.0,905.0,644.0,3
1700240895,529.0,851.0,909.0,646.0,3
1700240895,529.0,851.0,910.0,646.0,3
1700240895,529.0,851.0,912.0,647.0,3
1700240895,529.0,851.0,912.0,647.0,3
1700240895,536.0,848.0,916.0,647.0,3
1700240895,622.0,774.0,926.0,643.0,3
1700240895,708.0,673.0,942.0,639.0,3
1700240895,775.0,614.0,950.0,636.0,3
1700240895,847.0,456.0,952.0,634.0,3
1700240895,847.0,449.0,952.0,634.0,3
1700240895,846.0,447.0,944.0,633.0,3
1700240895,847.0,447.0,941.0,633.0,3
1700240895,846.0,446.0,936.0,627.0,3
1700240895,846.0,446.0,929.0,618.0,3
1700240895,845.0,446.0,920.0,612.0,3
1700240895,845.0,445.0,917.0,609.0,3
1700240895,845.0,444.0,916.0,608.0,3
1700240895,844.0,442.0,912.0,606.0,3
1700240895,843.0,440.0,910.0,604.0,3
1700240895,843.0,439.0,908.0,602.0,3
1700240895,842.0,437.0,907.0,602.0,3
1700240895,842.0,435.0,906.0,602.0,3
1700240895,842.0,434.0,905.0,601.0,3
1700240895,842.0,433.0,905.0,601.0,3
1700240895,838.0,436.0,904.0,601.0,3
1700240895,833.0,442.0,902.0,601.0,3
1700240895,825.0,451.0,901.0,601.0,3
1700240895,816.0,462.0,895.0,597.0,3
1700240895,808.0,471.0,886.0,584.0,3
1700240895,802.0,478.0,881.0,565.0,3
1700240895,797.0,484.0,878.0,536.0,3
1700240895,793.0,488.0,878.0,509.0,3
1700240895,789.0,492.0,878.0,499.0,3
1700240895,787.0,491.0,879.0,494.0,3
1700240895,787.0,484.0,879.0,493.0,3
1700240895,787.0,480.0,884.0,485.0,3
1700240895,787.0,475.0,891.0,468.0,3
1700240895,787.0,469.0,892.0,458.0,3
1700240895,787.0,463.0,892.0,458.0,3
1700240895,787.0,458.0,892.0,458.0,3
1700240895,786.0,456.0,892.0,458.0,3
1700240895,787.0,453.0,891.0,457.0,3
1700240895,787.0,451.0,891.0,457.0,3
1700240895,787.0,449.0,891.0,457.0,3
1700240895,788.0,447.0,891.0,457.0,3
1700240895,796.0,444.0,890.0,457.0,3
1700240895,808.0,441.0,887.0,457.0,3
1700240895,817.0,439.0,878.0,450.0,3
1700240895,826.0,437.0,875.0,447.0,3
1700240895,834.0,437.0,875.0,447.0,3
1700240895,839.0,437.0,875.0,447.0,0
1700240895,845.0,437.0,875.0,447.0,0
1700240895,848.0,437.0,875.0,447.0,0
1700240895,850.0,438.0,875.0,447.0,3
1700240895,852.0,438.0,875.0,447.0,3
1700240895,854.0,438.0,875.0,447.0,0
1700240895,853.0,438.0,875.0,447.0,0
1700240895,849.0,438.0,875.0,447.0,0
1700240895,846.0,438.0,875.0,447.0,3
1700240895,840.0,438.0,875.0,447.0,3
1700240895,833.0,438.0,878.0,447.0,3
1700240895,824.0,438.0,882.0,447.0,3
1700240895,817.0,438.0,883.0,447.0,3
1700240895,810.0,438.0,883.0,447.0,3
1700240895,805.0,440.0,883.0,447.0,3
1700240895,800.0,440.0,883.0,447.0,3
1700240895,797.0,441.0,883.0,447.0,3
1700240895,794.0,442.0,883.0,447.0,3
1700240895,792.0,442.0,892.0,442.0,3
1700240895,790.0,443.0,901.0,437.0,3
1700240895,788.0,443.0,916.0,428.0,3
1700240895,786.0,443.0,947.0,412.0,3
1700240895,785.0,443.0,978.0,392.0,3
1700240895,785.0,443.0,1021.0,362.0,3
1700240895,784.0,442.0,1067.0,328.0,3
1700240895,783.0,442.0,1103.0,301.0,3
1700240895,783.0,441.0,1114.0,289.0,3
1700240895,783.0,441.0,1116.0,286.0,3
1700240895,800.0,523.0,957.0,492.0,3
1700240895,800.0,523.0,962.0,489.0,3
1700240895,800.0,523.0,981.0,478.0,3
1700240895,800.0,523.0,1051.0,432.0,3
1700240895,830.0,503.0,1158.0,359.0,3
1700240895,962.0,412.0,1281.0,284.0,3
1700240895,1108.0,312.0,1383.0,219.0,3
1700240895,1191.0,257.0,1412.0,203.0,3
1700240895,1235.0,228.0,1417.0,198.0,3
1700240895,1256.0,209.0,1419.0,194.0,3
1700240895,1269.0,202.0,1419.0,193.0,3
1700240895,1280.0,198.0,1420.0,189.0,3
1700240895,1321.0,186.0,1421.0,187.0,3
1700240895,1353.0,175.0,1422.0,184.0,3
1700240895,1361.0,167.0,1424.0,180.0,3
1700240895,1372.0,164.0,1425.0,179.0,3
1700240895,1384.0,163.0,1427.0,177.0,3
1700240895,1393.0,163.0,1432.0,176.0,3
1700240895,1398.0,162.0,1435.0,176.0,3
1700240895,1400.0,159.0,1438.0,174.0,3
1700240895,1402.0,155.0,1438.0,174.0,3
1700240895,1402.0,153.0,1438.0,174.0,3
1700240895,1403.0,152.0,1438.0,174.0,3
1700240895,1402.0,150.0,1438.0,174.0,3
1700240895,1404.0,150.0,1439.0,175.0,3
1700240895,1408.0,149.0,1439.0,175.0,3
1700240895,1408.0,149.0,1439.0,176.0,3
1700240895,1411.0,149.0,1439.0,178.0,3
1700240895,1413.0,149.0,1439.0,178.0,3
1700240895,1415.0,149.0,1439.0,178.0,3
1700240895,1417.0,149.0,1439.0,178.0,0
1700240895,1418.0,149.0,1439.0,178.0,0
1700240895,1419.0,150.0,1439.0,178.0,0
1700240895,1419.0,150.0,1439.0,178.0,3
1700240895,1403.0,151.0,1438.0,179.0,3
1700240895,1356.0,156.0,1404.0,193.0,3
1700240895,1302.0,163.0,1331.0,214.0,3
1700240895,1258.0,168.0,1248.0,246.0,3
1700240895,1229.0,175.0,1194.0,277.0,3
1700240895,1209.0,178.0,1169.0,299.0,3
1700240895,1197.0,181.0,1147.0,320.0,3
1700240895,1188.0,182.0,1135.0,331.0,3
1700240895,1181.0,184.0,1130.0,336.0,3
1700240895,1184.0,189.0,1123.0,345.0,3
1700240895,3114.0,432.0,1691.0,422.0,3
1700240896,3114.0,431.0,1697.0,436.0,3
1700240896,3114.0,430.0,1844.0,432.0,3
1700240896,3114.0,429.0,2093.0,432.0,3
1700240896,3114.0,428.0,2361.0,432.0,3
1700240896,3114.0,426.0,2558.0,432.0,3
1700240896,3114.0,425.0,2843.0,440.0,3
1700240896,3113.0,423.0,2959.0,451.0,3
1700240896,3112.0,422.0,3039.0,457.0,3
1700240896,3111.0,421.0,3070.0,457.0,3
1700240896,3110.0,421.0,3108.0,457.0,3
1700240896,3338.0,634.0,3039.0,410.0,0
1700240896,3270.0,625.0,3039.0,410.0,3
1700240896,3295.0,615.0,3039.0,410.0,3
1700240896,3265.0,636.0,3039.0,410.0,0
1700240896,3266.0,641.0,3039.0,410.0,0
1700240896,3239.0,648.0,3039.0,410.0,0
1700240896,3250.0,649.0,3039.0,410.0,3
1700240896,3221.0,667.0,3039.0,410.0,3
1700240896,3174.0,699.0,3077.0,415.0,3
1700240896,3184.0,682.0,3128.0,419.0,3
1700240896,3202.0,684.0,3156.0,419.0,3
1700240896,3195.0,668.0,3157.0,419.0,3
1700240896,3192.0,658.0,3157.0,419.0,3
1700240896,3184.0,651.0,3157.0,419.0,0
1700240896,3169.0,642.0,3157.0,419.0,0
1700240896,3179.0,645.0,3157.0,419.0,0
1700240896,3178.0,639.0,3157.0,419.0,3
1700240896,3173.0,633.0,3157.0,419.0,3
1700240896,3171.0,625.0,3157.0,419.0,0
1700240896,3174.0,619.0,3157.0,419.0,0
1700240896,3179.0,626.0,3157.0,419.0,0
1700240896,3164.0,623.0,3157.0,419.0,3
1700240896,3143.0,618.0,3157.0,419.0,3
1700240896,3148.0,608.0,3157.0,419.0,3
1700240896,3152.0,603.0,3158.0,418.0,3
1700240896,3154.0,594.0,3154.0,412.0,3
1700240896,3157.0,589.0,3153.0,411.0,3
1700240896,3144.0,586.0,3151.0,410.0,3
1700240896,3122.0,570.0,3150.0,409.0,3
1700240896,3143.0,550.0,3145.0,405.0,3
1700240896,3155.0,536.0,3144.0,399.0,3
1700240896,3163.0,518.0,3144.0,393.0,3
1700240896,3165.0,500.0,3144.0,387.0,3
1700240896,3167.0,495.0,3144.0,383.0,3
1700240896,3172.0,491.0,3144.0,382.0,3
1700240896,3162.0,481.0,3144.0,382.0,0
1700240896,3157.0,478.0,3144.0,382.0,0
1700240896,3156.0,477.0,3144.0,382.0,0
1700240896,3140.0,467.0,3144.0,382.0,3
1700240896,3141.0,469.0,3137.0,381.0,3
1700240896,3126.0,470.0,3121.0,374.0,3
1700240896,3085.0,488.0,3120.0,367.0,3
1700240896,2836.0,556.0,3126.0,371.0,3
1700240896,3114.0,597.0,2794.0,389.0,0
1700240896,3118.0,600.0,2794.0,389.0,0
1700240896,3087.0,613.0,2794.0,389.0,0
1700240896,3075.0,641.0,2794.0,389.0,3
1700240896,2985.0,691.0,2792.0,389.0,3
1700240896,2838.0,681.0,2767.0,386.0,3
1700240896,2884.0,719.0,2724.0,386.0,3
1700240896,2879.0,667.0,2649.0,384.0,3
1700240897,2728.0,661.0,2624.0,385.0,3
1700240897,2917.0,596.0,2624.0,385.0,3
1700240897,2934.0,571.0,2624.0,385.0,3
1700240897,2984.0,550.0,2624.0,385.0,0
1700240897,2978.0,549.0,2624.0,385.0,0
1700240897,2417.0,717.0,2624.0,385.0,0
1700240897,3049.0,562.0,3101.0,338.0,3
1700240897,3044.0,555.0,3103.0,319.0,3
1700240897,3019.0,544.0,3103.0,314.0,3
1700240897,2995.0,534.0,3096.0,311.0,3
1700240897,2991.0,528.0,3090.0,309.0,3
1700240897,3018.0,521.0,3087.0,309.0,3
1700240897,3033.0,505.0,3086.0,309.0,3
1700240897,3053.0,494.0,3086.0,309.0,3
1700240897,3066.0,488.0,3086.0,309.0,3
1700240897,3065.0,483.0,3086.0,309.0,3
1700240897,3085.0,489.0,3086.0,309.0,3
1700240897,3091.0,483.0,3086.0,309.0,3
1700240897,3088.0,479.0,3085.0,308.0,3
1700240897,3086.0,479.0,3085.0,308.0,0
1700240897,3091.0,474.0,3085.0,308.0,0
1700240897,3090.0,467.0,3085.0,308.0,0
1700240897,3092.0,466.0,3085.0,308.0,3
1700240897,3078.0,467.0,3085.0,308.0,0
1700240897,3070.0,465.0,3085.0,308.0,0
1700240897,3067.0,464.0,3085.0,308.0,0
1700240897,3062.0,463.0,3085.0,308.0,0
1700240897,3069.0,467.0,3085.0,308.0,3
1700240897,3063.0,471.0,3085.0,308.0,3
1700240897,3059.0,476.0,3085.0,308.0,3
1700240897,3054.0,473.0,3085.0,308.0,3
1700240897,3048.0,470.0,3085.0,308.0,3
1700240897,3048.0,472.0,3085.0,308.0,3
1700240897,3049.0,471.0,3085.0,308.0,3
1700240897,3051.0,467.0,3085.0,308.0,3
1700240897,3064.0,474.0,3085.0,308.0,3
1700240897,3059.0,472.0,3080.0,309.0,3
1700240897,3083.0,485.0,3080.0,309.0,3
1700240897,3159.0,442.0,3037.0,307.0,3
1700240897,3183.0,498.0,3016.0,309.0,3
1700240897,1810.0,1362.0,1661.0,1021.0,3
1700240897,1812.0,1372.0,1661.0,1021.0,3
1700240897,1813.0,1389.0,1661.0,1021.0,3
1700240897,812.0,467.0,841.0,522.0,3
1700240897,812.0,470.0,845.0,522.0,3
1700240897,812.0,476.0,862.0,529.0,3
1700240897,811.0,483.0,877.0,537.0,3
1700240897,812.0,490.0,879.0,539.0,3
1700240897,812.0,496.0,879.0,539.0,3
1700240897,811.0,501.0,879.0,539.0,3
1700240897,809.0,506.0,876.0,542.0,3
1700240897,808.0,511.0,868.0,549.0,3
1700240897,808.0,513.0,868.0,551.0,3
1700240897,807.0,514.0,868.0,551.0,3
1700240897,806.0,516.0,868.0,551.0,3
1700240897,805.0,517.0,868.0,551.0,3
1700240897,811.0,518.0,868.0,551.0,3
1700240897,819.0,519.0,868.0,551.0,3
1700240897,827.0,521.0,868.0,551.0,3
1700240897,834.0,521.0,868.0,551.0,3
1700240897,839.0,522.0,868.0,551.0,0
1700240897,844.0,523.0,868.0,551.0,0
1700240897,849.0,523.0,868.0,551.0,0
1700240897,852.0,523.0,868.0,551.0,3
1700240897,855.0,523.0,868.0,551.0,3
1700240897,857.0,525.0,868.0,551.0,0
1700240897,859.0,526.0,868.0,551.0,0
1700240897,861.0,528.0,868.0,551.0,0
1700240897,863.0,528.0,868.0,551.0,3
1700240897,858.0,531.0,868.0,551.0,3
1700240897,851.0,533.0,872.0,556.0,3
1700240897,844.0,535.0,873.0,557.0,3
1700240897,837.0,537.0,872.0,561.0,3
1700240897,831.0,539.0,871.0,561.0,3
1700240897,825.0,541.0,871.0,561.0,3
1700240897,820.0,543.0,871.0,561.0,3
1700240897,815.0,545.0,874.0,580.0,3
1700240897,811.0,546.0,882.0,598.0,3
1700240897,809.0,547.0,883.0,600.0,3
1700240897,807.0,548.0,884.0,601.0,3
1700240897,806.0,548.0,884.0,601.0,3
1700240897,804.0,549.0,884.0,601.0,3
1700240897,805.0,552.0,885.0,601.0,3
1700240897,806.0,556.0,889.0,604.0,3
1700240897,807.0,559.0,894.0,606.0,3
1700240897,806.0,563.0,900.0,607.0,3
1700240897,806.0,566.0,905.0,610.0,3
1700240897,806.0,568.0,913.0,614.0,3
1700240897,806.0,571.0,925.0,621.0,3
1700240897,806.0,573.0,937.0,627.0,3
1700240897,806.0,575.0,951.0,636.0,3
1700240897,806.0,577.0,953.0,637.0,3
1700240897,806.0,579.0,955.0,639.0,3
1700240897,806.0,581.0,955.0,639.0,3
1700240897,806.0,582.0,955.0,639.0,3
1700240897,807.0,584.0,955.0,639.0,3
1700240897,810.0,583.0,955.0,639.0,3
1700240897,816.0,582.0,955.0,639.0,3
1700240897,821.0,579.0,955.0,639.0,3
1700240897,828.0,574.0,955.0,639.0,3
1700240897,834.0,567.0,946.0,636.0,3
1700240897,842.0,557.0,926.0,622.0,3
1700240897,848.0,546.0,914.0,611.0,3
1700240897,852.0,534.0,905.0,584.0,3
1700240897,857.0,516.0,905.0,547.0,3
1700240897,864.0,490.0,911.0,515.0,3
1700240897,868.0,466.0,912.0,489.0,3
1700240897,871.0,450.0,912.0,470.0,3
1700240897,873.0,438.0,912.0,453.0,3
1700240897,875.0,431.0,912.0,442.0,3
1700240897,876.0,428.0,914.0,433.0,3
1700240897,877.0,423.0,914.0,429.0,3
1700240897,876.0,417.0,914.0,422.0,3
1700240897,876.0,412.0,914.0,418.0,3
1700240897,877.0,407.0,914.0,415.0,3
1700240897,878.0,404.0,914.0,415.0,3
1700240897,879.0,401.0,914.0,415.0,3
1700240897,879.0,399.0,914.0,415.0,3
1700240897,880.0,397.0,914.0,415.0,0
1700240897,880.0,397.0,914.0,415.0,0
1700240897,879.0,396.0,914.0,415.0,0
1700240897,880.0,396.0,914.0,415.0,0
1700240897,877.0,400.0,914.0,415.0,3
1700240897,863.0,420.0,914.0,415.0,0
1700240897,841.0,448.0,914.0,415.0,0
1700240897,824.0,472.0,914.0,415.0,0
1700240897,812.0,493.0,914.0,415.0,0
1700240897,805.0,509.0,914.0,415.0,3
1700240897,802.0,517.0,914.0,415.0,3
1700240897,800.0,525.0,914.0,415.0,3
1700240897,799.0,530.0,900.0,419.0,3
1700240897,804.0,531.0,891.0,409.0,3
1700240897,808.0,530.0,891.0,407.0,3
1700240897,808.0,530.0,891.0,407.0,3
1700240897,809.0,529.0,891.0,407.0,3
1700240897,809.0,529.0,894.0,409.0,3
1700240897,809.0,529.0,910.0,420.0,3
1700240897,809.0,530.0,916.0,423.0,3
1700240897,810.0,530.0,913.0,435.0,3
1700240897,810.0,530.0,908.0,460.0,3
1700240897,810.0,530.0,903.0,492.0,3
1700240897,811.0,530.0,898.0,511.0,3
1700240897,811.0,530.0,898.0,518.0,3
1700240897,811.0,530.0,896.0,522.0,3
1700240897,811.0,531.0,889.0,527.0,3
1700240897,812.0,531.0,889.0,527.0,3
1700240897,813.0,531.0,889.0,527.0,3
1700240897,814.0,531.0,887.0,527.0,3
1700240897,814.0,531.0,887.0,527.0,3
1700240897,815.0,531.0,883.0,530.0,3
1700240897,816.0,531.0,879.0,532.0,3
1700240897,817.0,530.0,879.0,532.0,3
1700240897,818.0,529.0,879.0,532.0,3
1700240897,819.0,527.0,879.0,532.0,3
1700240897,820.0,526.0,879.0,532.0,3
1700240897,821.0,526.0,879.0,532.0,3
1700240897,821.0,524.0,879.0,532.0,0
1700240897,830.0,525.0,879.0,532.0,0
1700240897,815.0,531.0,891.0,537.0,3
1700240897,819.0,527.0,891.0,537.0,3
1700240897,821.0,524.0,891.0,537.0,3
1700240897,823.0,521.0,891.0,537.0,3
1700240897,824.0,518.0,891.0,537.0,3
1700240897,825.0,516.0,892.0,540.0,3
1700240897,826.0,515.0,892.0,540.0,3
1700240897,826.0,514.0,892.0,540.0,3
1700240897,845.0,516.0,892.0,540.0,3
1700240897,971.0,531.0,892.0,540.0,3
1700240897,1267.0,586.0,892.0,540.0,3
1700240897,1666.0,661.0,892.0,540.0,3
1700240897,2009.0,716.0,892.0,540.0,3
1700240897,2151.0,735.0,898.0,547.0,3
1700240897,2200.0,745.0,982.0,570.0,3
1700240897,2225.0,753.0,1227.0,597.0,3
1700240897,2201.0,770.0,1552.0,614.0,3
1700240897,2193.0,768.0,1751.0,616.0,3
1700240897,2236.0,757.0,1826.0,617.0,3
1700240897,2231.0,757.0,1826.0,617.0,3
1700240897,2228.0,757.0,1826.0,617.0,3
1700240897,2225.0,738.0,1826.0,617.0,3
1700240897,2222.0,695.0,1826.0,619.0,3
1700240897,2221.0,643.0,1904.0,630.0,3
1700240897,2221.0,606.0,2087.0,612.0,3
1700240897,2212.0,581.0,2226.0,583.0,3
1700240897,2202.0,570.0,2256.0,562.0,3
1700240897,2195.0,562.0,2257.0,549.0,3
1700240897,2192.0,560.0,2244.0,530.0,3
1700240897,2192.0,559.0,2234.0,526.0,3
1700240897,2190.0,557.0,2225.0,524.0,3
1700240897,2191.0,554.0,2215.0,524.0,3
1700240897,2192.0,552.0,2198.0,524.0,3
1700240897,2195.0,556.0,2189.0,524.0,3
1700240897,2196.0,559.0,2189.0,524.0,3
1700240897,2197.0,561.0,2189.0,524.0,3
1700240897,2198.0,562.0,2189.0,524.0,3
1700240897,2199.0,563.0,2189.0,524.0,3
1700240897,2199.0,565.0,2189.0,524.0,3
1700240897,2200.0,566.0,2189.0,524.0,3
1700240897,2201.0,566.0,2189.0,524.0,3
1700240897,2202.0,565.0,2189.0,524.0,3
1700240897,2202.0,564.0,2189.0,524.0,3
1700240897,2202.0,562.0,2189.0,524.0,3
1700240897,2206.0,558.0,2189.0,524.0,3
1700240897,2211.0,549.0,2189.0,524.0,3
1700240897,2217.0,539.0,2177.0,524.0,3
1700240897,2221.0,533.0,2132.0,519.0,3
1700240897,2222.0,529.0,2107.0,518.0,3
1700240897,2222.0,526.0,2084.0,518.0,3
1700240897,2220.0,525.0,2069.0,516.0,3
1700240897,2218.0,524.0,2052.0,504.0,3
1700240897,2209.0,522.0,2037.0,492.0,3
1700240897,2198.0,519.0,2033.0,479.0,3
1700240897,2187.0,515.0,2033.0,472.0,3
1700240897,2177.0,510.0,2034.0,466.0,3
1700240897,2169.0,506.0,2037.0,460.0,3
1700240897,2161.0,502.0,2037.0,457.0,3
1700240897,2156.0,498.0,2038.0,454.0,3
1700240897,2151.0,496.0,2038.0,452.0,3
1700240897,2148.0,495.0,2038.0,450.0,3
1700240897,2146.0,492.0,2038.0,450.0,3
1700240897,2144.0,491.0,2038.0,450.0,3
1700240897,2143.0,491.0,2038.0,450.0,0
1700240897,2143.0,491.0,2038.0,450.0,0
1700240897,2142.0,490.0,2038.0,450.0,0
1700240897,2144.0,490.0,2038.0,450.0,3
1700240897,2146.0,490.0,2038.0,450.0,3
1700240897,2147.0,490.0,2038.0,448.0,3
1700240897,2148.0,490.0,2043.0,444.0,3
1700240897,2149.0,490.0,2047.0,444.0,3
1700240897,2149.0,491.0,2053.0,443.0,3
1700240897,2149.0,491.0,2060.0,443.0,3
1700240897,2149.0,492.0,2070.0,443.0,3
1700240897,2149.0,493.0,2076.0,444.0,3
1700240897,2149.0,494.0,2081.0,446.0,3
1700240897,2148.0,495.0,2082.0,446.0,3
1700240897,2147.0,497.0,2086.0,448.0,3
1700240897,2146.0,499.0,2089.0,455.0,3
1700240897,2136.0,542.0,2095.0,467.0,3
1700240897,2126.0,624.0,2101.0,485.0,3
1700240897,2124.0,692.0,2103.0,511.0,3
1700240897,2125.0,732.0,2107.0,556.0,3
1700240897,2125.0,754.0,2107.0,595.0,3
1700240897,2127.0,761.0,2107.0,613.0,3
1700240897,2133.0,762.0,2109.0,616.0,3
1700240897,2143.0,762.0,2109.0,621.0,3
1700240897,3131.0,374.0,3111.0,611.0,3
1700240898,3119.0,413.0,3043.0,601.0,3
1700240898,3119.0,413.0,2905.0,576.0,3
1700240898,3118.0,411.0,2748.0,548.0,3
1700240898,3116.0,408.0,2644.0,519.0,3
1700240898,3105.0,408.0,2509.0,482.0,3
1700240898,2997.0,407.0,2366.0,448.0,3
1700240898,2674.0,397.0,2251.0,427.0,3
1700240898,2372.0,390.0,2190.0,413.0,3
1700240898,2237.0,391.0,2134.0,401.0,3
1700240898,2181.0,390.0,2111.0,399.0,3
1700240898,2148.0,395.0,2100.0,392.0,3
1700240898,2133.0,403.0,2096.0,385.0,3
1700240898,2126.0,412.0,2095.0,374.0,3
1700240898,2114.0,410.0,2093.0,355.0,3
1700240898,2096.0,397.0,2091.0,337.0,3
1700240898,2086.0,386.0,2091.0,328.0,3
1700240898,2074.0,368.0,2085.0,319.0,3
1700240898,2074.0,368.0,2072.0,309.0,3
1700240898,2078.0,366.0,2061.0,308.0,3
1700240898,2081.0,363.0,2056.0,320.0,3
1700240898,2095.0,367.0,2056.0,357.0,3
1700240898,2094.0,362.0,2067.0,396.0,3
1700240898,2097.0,358.0,2086.0,436.0,3
1700240898,2097.0,353.0,2087.0,445.0,3
1700240898,2097.0,349.0,2088.0,446.0,3
1700240898,2099.0,346.0,2088.0,446.0,3
1700240898,2098.0,343.0,2088.0,446.0,3
1700240898,2098.0,340.0,2088.0,450.0,3
1700240898,2097.0,344.0,2093.0,459.0,3
1700240898,2097.0,348.0,2094.0,460.0,3
1700240898,2097.0,352.0,2093.0,459.0,3
1700240898,2096.0,359.0,2087.0,451.0,3
1700240898,2097.0,364.0,2084.0,444.0,3
1700240898,2097.0,368.0,2077.0,438.0,3
1700240898,2098.0,372.0,2069.0,436.0,3
1700240898,2097.0,377.0,2061.0,436.0,3
1700240898,2095.0,396.0,2054.0,450.0,3
1700240898,2096.0,420.0,2053.0,468.0,3
1700240898,2094.0,438.0,2058.0,478.0,3
1700240898,2090.0,448.0,2062.0,485.0,3
1700240898,2086.0,454.0,2062.0,488.0,3
1700240898,2085.0,457.0,2062.0,489.0,3
1700240898,2082.0,459.0,2062.0,489.0,3
1700240898,2081.0,460.0,2062.0,489.0,3
1700240898,2079.0,462.0,2062.0,489.0,3
1700240898,2078.0,461.0,2062.0,489.0,3
1700240898,2077.0,461.0,2062.0,489.0,3
1700240898,2077.0,462.0,2062.0,489.0,3
1700240898,2077.0,467.0,2062.0,489.0,3
1700240898,2034.0,507.0,2163.0,564.0,3
1700240898,2039.0,510.0,2163.0,576.0,3
1700240898,2048.0,516.0,2161.0,580.0,3
1700240898,2053.0,517.0,2151.0,580.0,3
1700240898,2057.0,517.0,2126.0,577.0,3
1700240898,2062.0,519.0,2114.0,573.0,3
1700240898,2064.0,519.0,2110.0,572.0,3
1700240898,2065.0,520.0,2110.0,570.0,3
1700240898,2066.0,521.0,2108.0,567.0,3
1700240898,2069.0,522.0,2103.0,562.0,3
1700240898,2070.0,522.0,2100.0,561.0,3
1700240898,2071.0,521.0,2096.0,560.0,3
1700240898,2073.0,522.0,2096.0,560.0,3
1700240898,2075.0,522.0,2096.0,560.0,3
1700240898,2077.0,523.0,2096.0,560.0,3
1700240898,2076.0,523.0,2096.0,560.0,3
1700240898,2075.0,522.0,2096.0,560.0,3
1700240898,2074.0,521.0,2096.0,560.0,3
1700240898,2074.0,520.0,2096.0,560.0,0
1700240898,2074.0,518.0,2096.0,560.0,0
1700240898,2073.0,517.0,2096.0,560.0,0
1700240898,2072.0,516.0,2096.0,560.0,3
1700240898,2072.0,515.0,2096.0,560.0,3
1700240898,2071.0,514.0,2096.0,560.0,3
1700240898,2071.0,513.0,2096.0,560.0,3
1700240898,2071.0,513.0,2096.0,560.0,3
1700240898,2070.0,512.0,2096.0,560.0,3
1700240898,2070.0,511.0,2096.0,561.0,3
1700240898,2070.0,511.0,2096.0,561.0,3
1700240898,2070.0,512.0,2096.0,561.0,3
1700240898,2070.0,512.0,2096.0,561.0,3
1700240898,2070.0,512.0,2096.0,561.0,3
1700240898,2070.0,512.0,2096.0,563.0,3
1700240898,2071.0,513.0,2095.0,565.0,3
1700240898,2072.0,515.0,2094.0,566.0,3
1700240898,2074.0,516.0,2085.0,567.0,3
1700240898,2075.0,518.0,2076.0,562.0,3
1700240898,2077.0,519.0,2075.0,557.0,3
1700240898,2079.0,520.0,2075.0,555.0,3
1700240898,2080.0,522.0,2075.0,554.0,3
1700240898,2082.0,523.0,2075.0,554.0,3
1700240898,2084.0,524.0,2075.0,554.0,3
1700240898,2085.0,524.0,2075.0,552.0,3
1700240898,2086.0,524.0,2077.0,548.0,3
1700240898,2087.0,525.0,2078.0,542.0,3
1700240898,2088.0,524.0,2078.0,540.0,3
1700240898,2090.0,525.0,2078.0,540.0,3
1700240898,2092.0,525.0,2078.0,540.0,0
1700240898,2094.0,525.0,2078.0,540.0,0
1700240898,2095.0,526.0,2078.0,540.0,0
1700240898,2096.0,526.0,2078.0,540.0,3
1700240898,2097.0,526.0,2078.0,540.0,3
1700240898,2098.0,527.0,2082.0,544.0,3
1700240898,2099.0,528.0,2084.0,553.0,3
1700240898,2101.0,528.0,2087.0,556.0,3
1700240898,2102.0,528.0,2087.0,560.0,3
1700240898,2103.0,528.0,2087.0,563.0,3
1700240898,2103.0,528.0,2087.0,564.0,3
1700240898,2105.0,528.0,2087.0,564.0,3
1700240898,2105.0,527.0,2087.0,564.0,3
1700240898,2133.0,513.0,2087.0,564.0,3
1700240898,2267.0,450.0,2087.0,564.0,0
1700240898,2399.0,383.0,2087.0,564.0,0
1700240898,2482.0,339.0,2087.0,564.0,0
1700240898,2523.0,317.0,2087.0,564.0,3
1700240898,2544.0,307.0,2087.0,564.0,3
1700240898,2557.0,303.0,2088.0,565.0,3
1700240898,2564.0,300.0,2066.0,559.0,3
1700240898,2570.0,297.0,2060.0,559.0,3
1700240898,2573.0,295.0,2060.0,559.0,3
1700240898,2576.0,295.0,2060.0,559.0,3
1700240898,2578.0,294.0,2053.0,568.0,3
1700240898,2590.0,361.0,2081.0,574.0,3
1700240898,2961.0,231.0,2988.0,655.0,3
1700240898,2980.0,227.0,2988.0,712.0,3
1700240898,3003.0,221.0,2980.0,725.0,3
