1700242738,2712.0,866.0,3366.0,817.0,3
1700242738,2922.0,915.0,3366.0,817.0,3
1700242738,2733.0,851.0,3330.0,817.0,3
1700242738,2809.0,870.0,3301.0,813.0,3
1700242738,2725.0,839.0,3276.0,811.0,3
1700242738,2710.0,923.0,3266.0,807.0,3
1700242738,2632.0,997.0,3297.0,798.0,3
1700242738,2566.0,1058.0,3317.0,798.0,3
1700242738,2526.0,1094.0,3317.0,798.0,3
1700242739,2506.0,1108.0,3317.0,798.0,3
1700242739,2491.0,1123.0,3317.0,798.0,3
1700242739,2481.0,1131.0,3317.0,798.0,3
1700242739,2469.0,1138.0,3317.0,798.0,3
1700242739,2476.0,1116.0,3288.0,791.0,3
1700242739,2471.0,1145.0,3218.0,778.0,3
1700242739,2515.0,1138.0,3135.0,771.0,3
1700242739,2555.0,1132.0,3103.0,766.0,3
1700242739,2705.0,1102.0,3103.0,766.0,3
1700242739,2809.0,1081.0,3103.0,766.0,3
1700242739,2818.0,1075.0,3103.0,766.0,3
1700242739,2874.0,1052.0,3103.0,766.0,3
1700242739,3089.0,1001.0,3103.0,766.0,3
1700242739,3228.0,967.0,3103.0,766.0,3
1700242739,3309.0,958.0,3103.0,766.0,3
1700242739,3345.0,951.0,3127.0,767.0,3
1700242739,3359.0,936.0,3184.0,771.0,3
1700242739,3369.0,928.0,3298.0,782.0,3
1700242739,3377.0,926.0,3388.0,782.0,3
1700242739,3390.0,921.0,3423.0,779.0,3
1700242739,3382.0,905.0,3424.0,775.0,3
1700242739,3245.0,974.0,3202.0,757.0,3
1700242739,3095.0,1044.0,3201.0,758.0,3
1700242739,2958.0,1110.0,3201.0,758.0,3
1700242739,2914.0,1110.0,3201.0,758.0,3
1700242739,2838.0,1139.0,3201.0,758.0,3
1700242739,2777.0,1165.0,3201.0,758.0,3
1700242739,2712.0,1174.0,3201.0,758.0,3
1700242739,2685.0,1181.0,3201.0,758.0,3
1700242739,2662.0,1173.0,3201.0,758.0,3
1700242739,2706.0,1163.0,3211.0,756.0,3
1700242739,2770.0,1142.0,3231.0,752.0,3
1700242739,3017.0,1042.0,3251.0,749.0,3
1700242740,3249.0,949.0,3276.0,747.0,3
1700242740,3372.0,903.0,3281.0,746.0,3
1700242740,3431.0,885.0,3281.0,746.0,3
1700242740,3459.0,876.0,3281.0,746.0,3
1700242740,3431.0,859.0,3281.0,746.0,3
1700242740,3311.0,807.0,3265.0,738.0,3
1700242740,3134.0,717.0,3250.0,732.0,3
1700242740,716.0,2239.0,3205.0,671.0,3
1700242740,223.0,2277.0,3205.0,671.0,3
1700242740,1081.0,889.0,2987.0,639.0,3
1700242740,1091.0,861.0,2827.0,617.0,3
1700242740,1096.0,845.0,2482.0,561.0,3
1700242740,1098.0,835.0,2271.0,526.0,3
1700242740,1097.0,837.0,2017.0,486.0,3
1700242740,1098.0,840.0,1894.0,467.0,3
1700242740,1092.0,840.0,1812.0,454.0,3
1700242740,1092.0,835.0,1775.0,446.0,3
1700242740,1092.0,829.0,1716.0,424.0,3
1700242740,1113.0,796.0,1659.0,399.0,3
1700242740,1153.0,703.0,1621.0,386.0,3
1700242740,1186.0,611.0,1545.0,366.0,3
1700242740,1205.0,563.0,1472.0,352.0,3
1700242740,1211.0,539.0,1408.0,348.0,3
1700242740,1215.0,530.0,1372.0,348.0,3
1700242740,1220.0,527.0,1368.0,348.0,3
1700242740,1219.0,523.0,1368.0,348.0,0
1700242740,1220.0,518.0,1368.0,348.0,0
1700242740,1221.0,513.0,1368.0,348.0,0
1700242740,1222.0,509.0,1368.0,348.0,0
1700242740,1220.0,506.0,1368.0,348.0,3
1700242740,1220.0,505.0,1368.0,348.0,3
1700242740,1220.0,503.0,1368.0,348.0,3
1700242740,1221.0,502.0,1368.0,348.0,3
1700242740,1222.0,501.0,1368.0,348.0,3
1700242740,1225.0,500.0,1368.0,348.0,3
1700242740,1241.0,496.0,1368.0,348.0,3
1700242740,1263.0,492.0,1368.0,348.0,3
1700242740,1285.0,488.0,1368.0,348.0,3
1700242740,1303.0,484.0,1367.0,353.0,3
1700242740,1318.0,482.0,1409.0,360.0,3
1700242740,1331.0,481.0,1410.0,360.0,3
1700242740,1341.0,477.0,1410.0,360.0,3
1700242740,1349.0,474.0,1410.0,360.0,3
1700242740,1354.0,472.0,1410.0,360.0,3
1700242740,1361.0,469.0,1410.0,360.0,3
1700242740,1345.0,469.0,1413.0,362.0,3
1700242740,1295.0,474.0,1435.0,369.0,3
1700242740,1195.0,480.0,1454.0,369.0,3
1700242740,1107.0,480.0,1454.0,369.0,3
1700242740,1050.0,480.0,1448.0,374.0,3
1700242740,1011.0,480.0,1427.0,386.0,3
1700242740,1027.0,525.0,1370.0,409.0,3
1700242740,1291.0,629.0,1180.0,535.0,3
1700242740,1316.0,548.0,1180.0,535.0,3
1700242741,1349.0,464.0,1174.0,543.0,3
1700242741,1371.0,418.0,1140.0,566.0,3
1700242741,1401.0,365.0,1051.0,605.0,3
1700242741,1218.0,423.0,974.0,624.0,3
1700242741,1141.0,436.0,935.0,625.0,3
1700242741,1071.0,455.0,888.0,624.0,3
1700242741,1007.0,477.0,873.0,621.0,3
1700242741,956.0,494.0,863.0,613.0,3
1700242741,922.0,508.0,845.0,603.0,3
1700242741,902.0,522.0,841.0,599.0,3
1700242741,894.0,531.0,841.0,594.0,3
1700242741,889.0,535.0,845.0,588.0,3
1700242741,887.0,533.0,865.0,574.0,3
1700242741,886.0,532.0,873.0,564.0,3
1700242741,885.0,530.0,873.0,559.0,3
1700242741,883.0,528.0,873.0,557.0,3
1700242741,883.0,528.0,872.0,554.0,3
1700242741,883.0,527.0,872.0,554.0,3
1700242741,883.0,527.0,872.0,554.0,3
1700242741,883.0,527.0,872.0,554.0,3
1700242741,883.0,526.0,872.0,554.0,3
1700242741,883.0,525.0,872.0,554.0,3
1700242741,882.0,524.0,872.0,554.0,3
1700242741,882.0,523.0,873.0,554.0,3
1700242741,881.0,522.0,873.0,554.0,3
1700242741,881.0,521.0,876.0,554.0,3
1700242741,880.0,521.0,877.0,554.0,0
1700242741,880.0,520.0,877.0,554.0,0
1700242741,881.0,519.0,877.0,554.0,0
1700242741,880.0,518.0,877.0,554.0,3
1700242741,880.0,518.0,878.0,554.0,3
1700242741,880.0,517.0,886.0,556.0,3
1700242741,880.0,518.0,887.0,556.0,3
1700242741,880.0,518.0,887.0,556.0,3
1700242741,880.0,518.0,887.0,556.0,3
1700242741,881.0,512.0,887.0,556.0,3
1700242741,880.0,467.0,887.0,556.0,3
1700242741,877.0,398.0,887.0,556.0,3
1700242741,874.0,348.0,890.0,537.0,3
1700242741,872.0,316.0,900.0,458.0,3
1700242741,874.0,297.0,902.0,402.0,3
1700242741,877.0,286.0,889.0,362.0,3
1700242741,876.0,280.0,877.0,341.0,3
1700242741,855.0,272.0,865.0,319.0,3
1700242741,834.0,265.0,839.0,307.0,3
1700242741,822.0,259.0,807.0,297.0,3
1700242741,814.0,253.0,796.0,289.0,3
1700242741,808.0,250.0,794.0,278.0,3
1700242741,803.0,248.0,791.0,263.0,3
1700242741,799.0,245.0,790.0,262.0,3
1700242741,796.0,242.0,790.0,260.0,3
1700242741,794.0,241.0,790.0,259.0,3
1700242741,793.0,238.0,790.0,259.0,0
1700242741,792.0,237.0,790.0,259.0,0
1700242741,790.0,235.0,790.0,259.0,0
1700242741,790.0,233.0,790.0,259.0,3
1700242741,791.0,230.0,790.0,259.0,3
1700242741,790.0,228.0,790.0,259.0,3
1700242741,790.0,226.0,790.0,259.0,3
1700242741,790.0,225.0,790.0,259.0,3
1700242741,790.0,223.0,837.0,238.0,3
1700242741,790.0,222.0,1050.0,176.0,3
1700242741,801.0,220.0,1192.0,151.0,3
1700242741,866.0,203.0,1217.0,145.0,3
1700242741,968.0,176.0,1216.0,144.0,3
1700242741,1048.0,155.0,1220.0,150.0,3
1700242741,1099.0,142.0,1274.0,155.0,3
1700242741,1126.0,134.0,1294.0,153.0,3
1700242741,1184.0,119.0,1295.0,149.0,3
1700242741,1251.0,103.0,1295.0,135.0,3
1700242741,1296.0,92.0,1305.0,122.0,3
1700242741,1322.0,85.0,1317.0,113.0,3
1700242741,1337.0,81.0,1327.0,108.0,3
1700242741,1348.0,81.0,1344.0,102.0,3
1700242741,1354.0,78.0,1363.0,99.0,3
1700242741,1357.0,76.0,1378.0,99.0,3
1700242741,1359.0,77.0,1382.0,99.0,3
1700242741,1360.0,79.0,1384.0,98.0,3
1700242741,1362.0,81.0,1384.0,98.0,3
1700242741,1363.0,82.0,1384.0,98.0,3
1700242741,1363.0,81.0,1384.0,95.0,3
1700242741,1362.0,82.0,1384.0,89.0,3
1700242741,1362.0,82.0,1382.0,84.0,3
1700242741,1362.0,81.0,1382.0,83.0,3
1700242741,1362.0,81.0,1382.0,83.0,3
1700242741,1362.0,81.0,1382.0,83.0,3
1700242741,1386.0,95.0,1382.0,82.0,0
1700242741,1569.0,235.0,1382.0,82.0,0
1700242741,2943.0,690.0,2660.0,659.0,3
1700242741,2953.0,688.0,2660.0,659.0,3
1700242741,2974.0,686.0,2672.0,658.0,3
1700242741,2995.0,681.0,2764.0,618.0,3
1700242741,3014.0,675.0,2878.0,569.0,3
1700242741,3032.0,670.0,3004.0,522.0,3
1700242741,3043.0,668.0,3077.0,496.0,3
1700242741,3053.0,663.0,3084.0,492.0,3
1700242741,3068.0,664.0,3086.0,491.0,3
1700242741,3081.0,666.0,3086.0,491.0,3
1700242741,3090.0,667.0,3086.0,491.0,3
1700242741,3095.0,668.0,3086.0,491.0,3
1700242741,3099.0,668.0,3086.0,491.0,3
1700242741,3105.0,666.0,3086.0,491.0,3
1700242741,3110.0,666.0,3086.0,491.0,3
1700242741,3113.0,663.0,3086.0,491.0,3
1700242741,3115.0,662.0,3086.0,491.0,3
1700242741,3116.0,659.0,3086.0,491.0,3
1700242741,3118.0,655.0,3086.0,491.0,3
1700242741,3120.0,653.0,3097.0,508.0,3
1700242741,3121.0,652.0,3063.0,520.0,3
1700242741,3123.0,651.0,3034.0,512.0,3
1700242741,3124.0,651.0,3034.0,512.0,3
1700242741,3125.0,650.0,3034.0,512.0,3
1700242741,3125.0,651.0,3034.0,512.0,3
1700242741,3125.0,654.0,3040.0,520.0,3
1700242741,3125.0,657.0,3078.0,534.0,3
1700242741,3124.0,660.0,3091.0,536.0,3
1700242741,3123.0,664.0,3093.0,536.0,3
1700242741,3122.0,669.0,3096.0,536.0,3
1700242741,3121.0,675.0,3097.0,537.0,3
1700242741,3121.0,677.0,3097.0,537.0,3
1700242741,3119.0,681.0,3097.0,537.0,3
1700242741,3118.0,684.0,3097.0,537.0,3
1700242741,3117.0,686.0,3097.0,537.0,3
1700242741,3117.0,688.0,3097.0,537.0,3
1700242741,3116.0,685.0,3097.0,537.0,3
1700242741,3116.0,681.0,3097.0,537.0,3
1700242741,3115.0,668.0,3097.0,537.0,3
1700242741,3114.0,650.0,3097.0,537.0,3
1700242741,3113.0,634.0,3097.0,537.0,3
1700242741,3112.0,622.0,3097.0,537.0,3
1700242741,3111.0,605.0,3107.0,537.0,3
1700242741,3113.0,581.0,3150.0,542.0,3
1700242741,3113.0,568.0,3218.0,550.0,3
1700242741,3112.0,557.0,3249.0,550.0,3
1700242741,3112.0,549.0,3251.0,550.0,3
1700242741,3112.0,544.0,3251.0,550.0,3
1700242741,3113.0,538.0,3251.0,550.0,3
1700242741,3114.0,535.0,3251.0,550.0,3
1700242741,3137.0,532.0,3251.0,550.0,3
1700242741,3157.0,608.0,3231.0,535.0,3
1700242741,3140.0,596.0,3231.0,535.0,0
1700242741,3150.0,639.0,3231.0,535.0,0
1700242741,3164.0,707.0,3231.0,535.0,0
1700242741,3165.0,658.0,3231.0,535.0,0
1700242741,3087.0,728.0,3231.0,535.0,3
1700242741,3078.0,803.0,3226.0,540.0,3
1700242741,3122.0,740.0,3211.0,585.0,3
1700242741,3106.0,744.0,3204.0,624.0,3
1700242741,3215.0,698.0,3205.0,642.0,3
1700242741,3043.0,777.0,3206.0,644.0,3
1700242741,3178.0,677.0,3207.0,644.0,3
1700242741,3115.0,519.0,3305.0,570.0,3
1700242741,3115.0,517.0,3305.0,570.0,3
1700242741,3116.0,626.0,3305.0,570.0,3
1700242741,3125.0,661.0,3305.0,570.0,3
1700242741,3142.0,723.0,3305.0,570.0,3
1700242741,3159.0,778.0,3305.0,570.0,3
1700242741,3169.0,814.0,3305.0,570.0,3
1700242741,3172.0,831.0,3305.0,570.0,3
1700242741,3175.0,843.0,3305.0,570.0,3
1700242741,3174.0,851.0,3305.0,570.0,3
1700242741,3125.0,840.0,3287.0,587.0,3
1700242741,3068.0,832.0,3200.0,642.0,3
1700242741,3025.0,820.0,3105.0,677.0,3
1700242741,2991.0,814.0,2999.0,700.0,3
1700242741,2508.0,930.0,2680.0,896.0,3
1700242741,2512.0,922.0,2682.0,896.0,3
1700242741,2492.0,927.0,2682.0,896.0,3
1700242741,2460.0,944.0,2682.0,896.0,3
1700242741,2462.0,934.0,2690.0,896.0,3
1700242741,2447.0,938.0,2721.0,897.0,3
1700242741,2429.0,946.0,2713.0,897.0,3
1700242741,2414.0,964.0,2642.0,897.0,3
1700242741,2405.0,965.0,2531.0,926.0,3
1700242741,2404.0,954.0,2420.0,955.0,3
1700242741,2374.0,962.0,2237.0,981.0,3
1700242741,2339.0,967.0,2080.0,999.0,3
1700242741,3069.0,987.0,1669.0,1050.0,3
1700242741,2989.0,986.0,1669.0,1050.0,3
1700242741,2791.0,980.0,1669.0,1050.0,3
1700242741,2633.0,978.0,1669.0,1050.0,3
1700242741,2539.0,971.0,1669.0,1050.0,3
1700242741,2490.0,964.0,1669.0,1050.0,3
1700242741,2464.0,962.0,1669.0,1050.0,3
1700242741,2446.0,959.0,1669.0,1050.0,3
1700242741,2461.0,960.0,1669.0,1053.0,3
1700242741,2478.0,958.0,1669.0,1054.0,3
1700242741,2488.0,957.0,1669.0,1055.0,3
1700242742,2503.0,956.0,1669.0,1055.0,3
1700242742,2502.0,957.0,1669.0,1055.0,3
1700242742,2507.0,956.0,1669.0,1055.0,3
1700242742,2517.0,956.0,1669.0,1055.0,3
1700242742,2522.0,956.0,1669.0,1055.0,3
1700242742,2521.0,958.0,1669.0,1055.0,3
1700242742,2529.0,959.0,1669.0,1055.0,3
1700242742,2537.0,959.0,1669.0,1055.0,3
1700242742,2535.0,961.0,1669.0,1055.0,3
1700242742,2552.0,960.0,1669.0,1055.0,3
1700242742,2590.0,960.0,1669.0,1055.0,3
1700242742,2616.0,960.0,1669.0,1055.0,3
1700242742,2612.0,963.0,1669.0,1055.0,3
1700242742,2605.0,967.0,1669.0,1055.0,3
1700242742,2611.0,969.0,1669.0,1055.0,3
1700242742,2626.0,969.0,1669.0,1055.0,3
1700242742,2651.0,969.0,1669.0,1055.0,3
1700242742,2664.0,971.0,1669.0,1055.0,3
1700242742,2664.0,975.0,1669.0,1055.0,3
1700242742,2561.0,988.0,1669.0,1055.0,3
1700242742,2947.0,976.0,1673.0,1061.0,3
1700242742,2745.0,993.0,1673.0,1061.0,3
1700242742,2725.0,995.0,1673.0,1061.0,3
1700242742,2687.0,1001.0,1673.0,1061.0,3
1700242742,2668.0,1003.0,1673.0,1061.0,3
1700242742,2640.0,1007.0,1673.0,1061.0,3
1700242742,2651.0,1006.0,1673.0,1061.0,3
1700242742,2642.0,1008.0,1673.0,1061.0,3
1700242742,2608.0,1013.0,1673.0,1061.0,3
1700242742,2581.0,1014.0,1673.0,1061.0,3
1700242742,2561.0,1014.0,1673.0,1061.0,3
1700242742,2565.0,1011.0,1673.0,1061.0,3
1700242742,2577.0,1009.0,1673.0,1061.0,3
1700242742,2565.0,1009.0,1673.0,1061.0,3
1700242742,2554.0,1010.0,1673.0,1061.0,3
1700242742,2541.0,1010.0,1673.0,1061.0,3
1700242742,2531.0,1009.0,1673.0,1061.0,3
1700242742,2546.0,1005.0,1673.0,1061.0,3
1700242742,2841.0,955.0,1673.0,1061.0,3
1700242742,2714.0,972.0,1673.0,1061.0,3
1700242742,2688.0,974.0,1673.0,1061.0,3
1700242742,2646.0,977.0,1673.0,1061.0,3
1700242742,2591.0,979.0,1673.0,1061.0,3
1700242742,2760.0,957.0,1673.0,1061.0,3
1700242742,3034.0,918.0,1673.0,1061.0,3
1700242742,3132.0,889.0,1673.0,1061.0,3
1700242742,3190.0,878.0,1673.0,1061.0,3
1700242742,3217.0,873.0,1673.0,1061.0,3
1700242742,3229.0,867.0,1673.0,1061.0,3
1700242742,3222.0,858.0,1673.0,1061.0,3
1700242742,3217.0,846.0,1673.0,1061.0,3
1700242742,3234.0,836.0,1673.0,1061.0,3
1700242742,3618.0,766.0,1673.0,1061.0,3
1700242742,3900.0,710.0,1673.0,1061.0,3
1700242742,4009.0,683.0,1673.0,1061.0,3
1700242742,3760.0,718.0,1673.0,1061.0,3
1700242742,3600.0,739.0,1673.0,1061.0,3
1700242742,3416.0,767.0,1673.0,1061.0,3
1700242742,3324.0,777.0,1673.0,1061.0,3
1700242742,3291.0,774.0,1673.0,1061.0,3
1700242742,3280.0,780.0,1673.0,1061.0,3
1700242742,3274.0,777.0,1673.0,1061.0,3
1700242742,3273.0,778.0,1673.0,1061.0,3
1700242742,3273.0,780.0,1673.0,1061.0,3
1700242742,3277.0,781.0,1673.0,1061.0,3
1700242742,3276.0,781.0,1673.0,1061.0,3
1700242742,2388.0,935.0,1673.0,1061.0,3
1700242742,3275.0,778.0,1673.0,1061.0,3
1700242743,3277.0,781.0,1673.0,1061.0,3
1700242743,2328.0,1061.0,1673.0,1061.0,3
1700242743,2332.0,1060.0,1673.0,1061.0,3
1700242743,1233.0,415.0,1505.0,921.0,3
1700242743,1113.0,477.0,1505.0,921.0,3
1700242743,1043.0,487.0,1505.0,921.0,3
1700242743,978.0,499.0,1505.0,921.0,3
1700242743,935.0,507.0,1501.0,899.0,3
1700242743,904.0,514.0,1395.0,817.0,3
1700242743,884.0,516.0,1204.0,713.0,3
1700242743,874.0,513.0,1029.0,627.0,3
1700242743,873.0,507.0,945.0,589.0,3
1700242743,869.0,506.0,919.0,574.0,3
1700242743,863.0,502.0,919.0,574.0,3
1700242743,855.0,498.0,917.0,571.0,3
1700242743,850.0,495.0,917.0,570.0,3
1700242743,847.0,495.0,914.0,566.0,3
1700242743,844.0,496.0,905.0,556.0,3
1700242743,844.0,497.0,894.0,547.0,3
1700242743,842.0,500.0,882.0,538.0,3
1700242743,841.0,502.0,871.0,530.0,3
1700242743,841.0,500.0,867.0,522.0,3
1700242743,841.0,496.0,865.0,514.0,3
1700242743,842.0,493.0,865.0,509.0,3
1700242743,842.0,490.0,865.0,508.0,3
1700242743,838.0,486.0,865.0,508.0,3
1700242743,849.0,491.0,865.0,508.0,3
1700242743,848.0,491.0,865.0,507.0,0
1700242743,837.0,486.0,865.0,507.0,0
1700242743,838.0,486.0,865.0,507.0,0
1700242743,838.0,486.0,865.0,507.0,0
1700242743,839.0,486.0,865.0,507.0,3
1700242743,839.0,486.0,865.0,507.0,3
1700242743,839.0,486.0,865.0,507.0,0
1700242743,839.0,486.0,865.0,507.0,0
1700242743,839.0,487.0,865.0,507.0,0
1700242743,839.0,487.0,865.0,507.0,3
1700242743,839.0,487.0,865.0,507.0,3
1700242743,839.0,487.0,865.0,507.0,3
1700242743,839.0,488.0,865.0,507.0,3
1700242743,839.0,488.0,865.0,507.0,3
1700242743,839.0,488.0,865.0,507.0,3
1700242743,839.0,488.0,865.0,507.0,3
1700242743,838.0,488.0,865.0,507.0,3
1700242743,838.0,489.0,865.0,507.0,3
1700242743,838.0,488.0,865.0,507.0,3
1700242743,838.0,488.0,865.0,507.0,3
1700242743,838.0,488.0,865.0,507.0,3
1700242743,837.0,488.0,897.0,545.0,3
1700242743,837.0,489.0,1050.0,625.0,3
1700242743,882.0,489.0,1367.0,710.0,3
1700242743,1155.0,527.0,1668.0,785.0,3
1700242743,1493.0,602.0,1975.0,861.0,3
1700242743,1869.0,736.0,2047.0,869.0,3
1700242743,3569.0,799.0,1276.0,773.0,3
1700242743,2812.0,901.0,1276.0,773.0,3
1700242743,2643.0,925.0,1276.0,773.0,3
1700242743,2629.0,928.0,1276.0,773.0,3
1700242743,2625.0,936.0,1276.0,773.0,3
1700242743,2630.0,941.0,1276.0,773.0,3
1700242743,2637.0,945.0,1276.0,773.0,3
1700242743,2641.0,950.0,1276.0,773.0,3
1700242743,2647.0,953.0,1276.0,773.0,3
1700242743,2654.0,957.0,1276.0,773.0,3
1700242743,2641.0,962.0,1276.0,773.0,3
1700242743,2616.0,969.0,1276.0,773.0,3
1700242743,2630.0,970.0,1276.0,773.0,3
1700242743,2626.0,972.0,1276.0,773.0,3
1700242743,2612.0,977.0,1276.0,773.0,3
1700242743,2614.0,976.0,1276.0,773.0,3
1700242743,2605.0,977.0,1276.0,773.0,3
1700242743,2607.0,976.0,1276.0,773.0,3
1700242743,2598.0,976.0,1276.0,773.0,3
1700242743,2608.0,975.0,1276.0,773.0,3
1700242743,2611.0,975.0,1276.0,773.0,3
1700242743,2613.0,975.0,1276.0,773.0,3
1700242743,2605.0,978.0,1276.0,773.0,3
1700242743,2588.0,981.0,1276.0,773.0,3
1700242743,2582.0,983.0,1276.0,773.0,3
1700242743,2591.0,983.0,1276.0,773.0,3
1700242743,2592.0,982.0,1276.0,773.0,3
1700242743,2590.0,983.0,1276.0,773.0,3
1700242743,2592.0,983.0,1276.0,773.0,3
1700242743,2583.0,985.0,1276.0,773.0,3
1700242743,2570.0,988.0,1276.0,773.0,3
1700242743,2556.0,990.0,1276.0,773.0,3
1700242743,2544.0,992.0,1276.0,773.0,3
1700242743,2533.0,992.0,1276.0,773.0,3
1700242743,2520.0,993.0,1276.0,773.0,3
1700242743,2506.0,992.0,1276.0,773.0,3
1700242743,2501.0,991.0,1276.0,773.0,3
1700242743,2495.0,989.0,1276.0,773.0,3
1700242743,2500.0,987.0,1276.0,773.0,3
1700242743,2501.0,986.0,1276.0,773.0,3
1700242743,2688.0,893.0,1276.0,773.0,3
1700242743,2721.0,814.0,1276.0,773.0,3
1700242743,2654.0,816.0,1276.0,773.0,3
1700242743,2606.0,781.0,1276.0,773.0,3
1700242743,2547.0,698.0,1276.0,773.0,3
1700242743,947.0,781.0,1276.0,773.0,3
1700242743,952.0,793.0,1278.0,775.0,3
1700242743,1000.0,813.0,1250.0,776.0,3
1700242743,1001.0,816.0,1169.0,779.0,3
1700242743,990.0,824.0,1117.0,798.0,3
1700242743,970.0,842.0,1103.0,814.0,3
1700242743,954.0,856.0,1085.0,830.0,3
1700242743,943.0,867.0,1068.0,836.0,3
1700242743,946.0,878.0,1048.0,840.0,3
1700242743,944.0,882.0,1037.0,841.0,3
1700242743,943.0,880.0,1035.0,842.0,3
1700242743,943.0,879.0,1024.0,842.0,3
1700242743,946.0,878.0,1007.0,843.0,3
1700242743,951.0,875.0,1006.0,844.0,3
1700242743,953.0,873.0,1006.0,844.0,3
1700242743,956.0,871.0,1006.0,844.0,3
1700242743,957.0,870.0,1006.0,844.0,3
1700242743,959.0,868.0,1007.0,845.0,3
1700242743,964.0,866.0,1009.0,847.0,3
1700242743,969.0,865.0,1012.0,850.0,3
1700242743,974.0,864.0,1016.0,852.0,3
1700242743,977.0,862.0,1018.0,854.0,3
1700242743,981.0,860.0,1018.0,854.0,3
1700242743,985.0,857.0,1019.0,855.0,3
1700242743,988.0,856.0,1021.0,855.0,3
1700242743,989.0,856.0,1021.0,855.0,3
1700242743,991.0,855.0,1021.0,855.0,3
1700242743,992.0,856.0,1021.0,855.0,3
1700242743,993.0,855.0,1021.0,855.0,3
1700242743,994.0,854.0,1021.0,855.0,3
1700242743,995.0,853.0,1021.0,855.0,3
1700242743,996.0,854.0,1021.0,855.0,3
1700242743,996.0,854.0,1021.0,855.0,3
1700242743,997.0,854.0,1021.0,855.0,3
1700242743,997.0,853.0,1021.0,855.0,3
1700242743,998.0,851.0,1020.0,854.0,3
1700242743,996.0,852.0,1020.0,854.0,3
1700242743,997.0,851.0,1020.0,854.0,3
1700242743,997.0,852.0,1020.0,854.0,3
1700242743,997.0,852.0,1020.0,854.0,3
1700242743,997.0,851.0,1020.0,854.0,3
1700242743,998.0,852.0,1020.0,854.0,3
1700242743,998.0,852.0,1020.0,854.0,3
1700242743,999.0,853.0,1020.0,854.0,3
1700242743,999.0,854.0,1020.0,854.0,3
1700242743,996.0,855.0,1020.0,854.0,3
1700242743,1016.0,848.0,1017.0,855.0,3
1700242743,1039.0,848.0,1017.0,855.0,3
1700242743,1025.0,855.0,1017.0,855.0,3
1700242743,1080.0,851.0,1017.0,855.0,3
1700242743,1081.0,853.0,1017.0,855.0,3
1700242743,1100.0,858.0,1017.0,855.0,3
1700242743,1047.0,859.0,1017.0,855.0,3
1700242743,1040.0,861.0,1017.0,855.0,3
1700242743,1036.0,862.0,1017.0,855.0,3
1700242743,1035.0,862.0,1017.0,855.0,0
1700242743,1037.0,865.0,1017.0,855.0,0
1700242743,1036.0,867.0,1017.0,855.0,0
1700242743,1031.0,868.0,1017.0,855.0,0
1700242743,1027.0,870.0,1017.0,855.0,3
1700242743,1027.0,871.0,1017.0,855.0,3
1700242743,1028.0,872.0,1017.0,855.0,3
1700242743,1024.0,873.0,1017.0,855.0,3
1700242743,1019.0,874.0,1017.0,855.0,3
1700242743,1013.0,877.0,1017.0,855.0,3
1700242743,1010.0,877.0,1017.0,855.0,3
1700242743,1006.0,877.0,1017.0,855.0,3
1700242743,1003.0,877.0,1017.0,855.0,3
1700242743,1001.0,877.0,1017.0,855.0,3
1700242743,998.0,877.0,1017.0,855.0,3
1700242743,985.0,876.0,1017.0,855.0,3
1700242743,930.0,878.0,1017.0,855.0,3
1700242743,863.0,878.0,1017.0,855.0,3
1700242743,828.0,871.0,1017.0,855.0,3
1700242743,797.0,872.0,1017.0,855.0,3
1700242743,772.0,871.0,1017.0,855.0,3
1700242743,708.0,882.0,1017.0,855.0,3
1700242743,669.0,884.0,1017.0,855.0,3
1700242743,645.0,882.0,1017.0,855.0,3
1700242743,617.0,882.0,1017.0,855.0,3
1700242743,775.0,743.0,1017.0,855.0,3
1700242743,814.0,720.0,1017.0,855.0,3
1700242743,839.0,705.0,1017.0,855.0,3
1700242743,855.0,700.0,1017.0,855.0,3
1700242743,862.0,695.0,1017.0,855.0,3
1700242743,864.0,695.0,1017.0,855.0,3
1700242743,866.0,694.0,1017.0,855.0,3
1700242743,869.0,692.0,1017.0,855.0,3
1700242743,868.0,691.0,1017.0,855.0,3
1700242743,862.0,696.0,1017.0,855.0,3
1700242743,841.0,709.0,1017.0,855.0,3
1700242743,755.0,761.0,1017.0,855.0,0
1700242743,668.0,821.0,1017.0,855.0,0
1700242743,606.0,855.0,1017.0,855.0,0
1700242743,559.0,874.0,1017.0,855.0,3
1700242743,547.0,881.0,1017.0,855.0,3
1700242743,551.0,873.0,1017.0,855.0,3
1700242743,555.0,872.0,1017.0,855.0,3
1700242743,559.0,868.0,1017.0,855.0,3
1700242743,558.0,867.0,1017.0,855.0,3
1700242743,557.0,867.0,1017.0,855.0,3
1700242743,559.0,866.0,1017.0,855.0,3
1700242743,560.0,865.0,1017.0,855.0,3
1700242743,560.0,864.0,1017.0,855.0,3
1700242743,562.0,864.0,1017.0,855.0,3
1700242743,562.0,864.0,1017.0,855.0,3
1700242743,563.0,864.0,1017.0,855.0,3
1700242743,563.0,864.0,1017.0,855.0,3
1700242743,563.0,863.0,1017.0,855.0,3
1700242743,563.0,863.0,1017.0,855.0,3
1700242743,561.0,862.0,1017.0,855.0,3
1700242743,561.0,861.0,1017.0,855.0,3
1700242743,561.0,861.0,1017.0,855.0,3
1700242743,562.0,859.0,1017.0,855.0,3
1700242743,577.0,851.0,1017.0,855.0,3
1700242743,627.0,829.0,1017.0,855.0,3
1700242743,683.0,801.0,1017.0,855.0,3
1700242743,722.0,783.0,1017.0,855.0,3
1700242743,749.0,773.0,1017.0,855.0,3
1700242743,775.0,766.0,1017.0,855.0,3
1700242743,815.0,760.0,1017.0,855.0,3
1700242743,2394.0,853.0,1017.0,855.0,3
1700242743,2394.0,853.0,1017.0,855.0,3
1700242743,660.0,854.0,1017.0,855.0,3
1700242743,633.0,863.0,1017.0,855.0,3
1700242743,619.0,864.0,1017.0,855.0,3
1700242743,609.0,862.0,1017.0,855.0,3
1700242743,612.0,860.0,1017.0,855.0,3
1700242743,611.0,861.0,1017.0,855.0,3
1700242743,605.0,859.0,1017.0,855.0,3
1700242743,602.0,860.0,1017.0,855.0,3
1700242743,603.0,861.0,1017.0,855.0,3
1700242743,598.0,859.0,1017.0,855.0,3
1700242743,596.0,855.0,1017.0,855.0,3
1700242743,598.0,853.0,1017.0,855.0,3
1700242743,600.0,853.0,1017.0,855.0,3
1700242743,601.0,853.0,1017.0,855.0,3
1700242743,598.0,853.0,1017.0,855.0,3
1700242743,598.0,852.0,1017.0,855.0,3
1700242743,602.0,852.0,1017.0,855.0,3
1700242743,606.0,851.0,1017.0,855.0,3
1700242743,609.0,850.0,1017.0,855.0,3
1700242743,613.0,851.0,1017.0,855.0,3
1700242743,611.0,854.0,1017.0,855.0,3
1700242743,619.0,854.0,1017.0,855.0,3
1700242743,626.0,852.0,1017.0,855.0,3
1700242743,629.0,850.0,1017.0,855.0,3
1700242743,631.0,848.0,1017.0,855.0,3
1700242743,632.0,848.0,1017.0,855.0,3
1700242743,646.0,850.0,1017.0,855.0,3
1700242743,650.0,853.0,1017.0,855.0,0
1700242743,651.0,853.0,1017.0,855.0,0
1700242743,659.0,853.0,1017.0,855.0,0
1700242743,653.0,853.0,1017.0,855.0,3
1700242743,650.0,853.0,1017.0,855.0,3
1700242743,649.0,854.0,1017.0,855.0,3
1700242743,648.0,854.0,1017.0,855.0,3
1700242743,644.0,855.0,1017.0,855.0,3
1700242743,642.0,855.0,1017.0,855.0,3
1700242743,639.0,855.0,1017.0,855.0,3
1700242743,637.0,855.0,1017.0,855.0,3
1700242743,634.0,856.0,1017.0,855.0,3
1700242743,632.0,856.0,1017.0,855.0,3
1700242743,630.0,855.0,1017.0,855.0,3
1700242743,627.0,855.0,1017.0,855.0,3
1700242743,626.0,855.0,1017.0,855.0,3
1700242743,980.0,844.0,1017.0,855.0,3
1700242743,982.0,845.0,1017.0,855.0,3
1700242743,985.0,845.0,1017.0,855.0,3
1700242743,988.0,845.0,1017.0,855.0,3
1700242743,988.0,846.0,1017.0,855.0,3
1700242743,985.0,850.0,1017.0,855.0,3
1700242743,983.0,852.0,1017.0,855.0,3
1700242743,985.0,851.0,1017.0,855.0,3
1700242743,977.0,850.0,1017.0,855.0,3
1700242743,907.0,851.0,1017.0,855.0,3
1700242743,799.0,854.0,1017.0,855.0,3
1700242743,720.0,859.0,1017.0,855.0,3
1700242743,670.0,863.0,1017.0,855.0,3
1700242743,628.0,861.0,1017.0,855.0,3
1700242743,600.0,863.0,1017.0,855.0,3
1700242743,588.0,858.0,1017.0,855.0,3
1700242743,582.0,856.0,1017.0,855.0,3
1700242743,577.0,855.0,1017.0,855.0,3
1700242743,571.0,857.0,1017.0,855.0,3
1700242743,563.0,859.0,1017.0,855.0,3
1700242743,558.0,857.0,1017.0,855.0,3
1700242743,558.0,861.0,1017.0,855.0,3
1700242743,590.0,866.0,1017.0,855.0,3
1700242743,573.0,858.0,1017.0,855.0,3
1700242743,574.0,858.0,1017.0,855.0,3
1700242743,576.0,857.0,1017.0,855.0,3
1700242743,578.0,857.0,1017.0,855.0,3
1700242743,579.0,856.0,1017.0,855.0,3
1700242743,581.0,857.0,1017.0,855.0,3
1700242743,584.0,857.0,1017.0,855.0,0
1700242743,583.0,855.0,1017.0,855.0,0
1700242743,582.0,854.0,1017.0,855.0,0
1700242743,581.0,855.0,1017.0,855.0,0
1700242743,579.0,855.0,1017.0,855.0,3
1700242743,576.0,855.0,1017.0,855.0,3
1700242743,573.0,856.0,1017.0,855.0,3
1700242743,572.0,856.0,1017.0,855.0,3
1700242743,570.0,856.0,1017.0,855.0,3
1700242743,570.0,856.0,1017.0,855.0,3
1700242743,569.0,856.0,1017.0,855.0,3
1700242743,569.0,855.0,1017.0,855.0,3
1700242743,566.0,855.0,1017.0,855.0,3
1700242743,564.0,855.0,1017.0,855.0,3
1700242743,565.0,855.0,1017.0,855.0,3
1700242743,564.0,854.0,1017.0,855.0,3
1700242743,563.0,854.0,1017.0,855.0,3
1700242743,562.0,854.0,1017.0,855.0,3
1700242743,565.0,854.0,1017.0,855.0,3
1700242743,598.0,862.0,1017.0,855.0,3
1700242743,650.0,916.0,1017.0,855.0,0
1700242743,622.0,893.0,1017.0,855.0,3
1700242743,598.0,878.0,1017.0,855.0,3
1700242743,587.0,875.0,1017.0,855.0,3
1700242743,585.0,832.0,1017.0,855.0,3
1700242743,572.0,834.0,1017.0,855.0,3
1700242743,566.0,837.0,1017.0,855.0,3
1700242743,567.0,842.0,1017.0,855.0,3
1700242743,563.0,846.0,1017.0,855.0,3
1700242743,565.0,849.0,1017.0,855.0,3
1700242743,568.0,851.0,1017.0,855.0,3
1700242743,566.0,852.0,1017.0,855.0,3
1700242743,563.0,853.0,1017.0,855.0,3
1700242743,559.0,853.0,1017.0,855.0,3
1700242743,560.0,853.0,1017.0,855.0,3
1700242743,560.0,853.0,1017.0,855.0,3
1700242743,558.0,854.0,1017.0,855.0,3
1700242743,558.0,858.0,1017.0,855.0,3
1700242743,555.0,859.0,1017.0,855.0,3
1700242743,554.0,861.0,1017.0,855.0,3
1700242743,584.0,864.0,1017.0,855.0,3
1700242743,569.0,858.0,1017.0,855.0,3
1700242743,646.0,848.0,1017.0,855.0,3
1700242743,752.0,830.0,1017.0,855.0,3
1700242743,829.0,814.0,1017.0,855.0,3
1700242743,882.0,815.0,1017.0,855.0,3
1700242743,918.0,815.0,1017.0,855.0,3
1700242743,939.0,818.0,1017.0,855.0,3
1700242743,950.0,819.0,1017.0,855.0,3
1700242743,972.0,816.0,1017.0,855.0,3
1700242743,971.0,829.0,1017.0,855.0,0
1700242743,982.0,830.0,1017.0,855.0,0
1700242743,990.0,828.0,1017.0,855.0,0
1700242743,992.0,827.0,1017.0,855.0,3
1700242743,993.0,825.0,1017.0,855.0,3
1700242743,996.0,828.0,1017.0,855.0,3
1700242743,998.0,831.0,1017.0,855.0,3
1700242743,1000.0,833.0,1017.0,855.0,3
1700242743,1001.0,835.0,1017.0,855.0,3
1700242743,1003.0,835.0,1017.0,855.0,3
1700242743,997.0,836.0,1017.0,855.0,3
1700242743,935.0,840.0,1017.0,855.0,3
1700242743,807.0,846.0,1017.0,855.0,3
1700242743,718.0,852.0,1017.0,855.0,3
1700242743,664.0,854.0,1017.0,855.0,3
1700242743,621.0,854.0,1017.0,855.0,3
1700242743,599.0,862.0,1017.0,855.0,3
1700242743,590.0,866.0,1017.0,855.0,3
1700242743,579.0,864.0,1017.0,855.0,3
1700242743,556.0,868.0,1017.0,855.0,3
1700242743,542.0,863.0,1017.0,855.0,3
1700242743,539.0,862.0,1017.0,855.0,3
1700242743,535.0,862.0,1017.0,855.0,3
1700242743,567.0,872.0,1017.0,855.0,3
1700242743,529.0,865.0,1017.0,855.0,3
1700242743,532.0,865.0,1017.0,855.0,3
1700242743,535.0,864.0,1017.0,855.0,3
1700242743,536.0,865.0,1017.0,855.0,3
1700242743,536.0,865.0,1017.0,855.0,3
1700242743,536.0,865.0,1017.0,855.0,3
1700242743,538.0,865.0,1017.0,855.0,3
1700242743,536.0,870.0,1017.0,855.0,3
1700242743,539.0,871.0,1017.0,855.0,0
1700242743,542.0,870.0,1017.0,855.0,0
1700242743,543.0,872.0,1017.0,855.0,3
1700242743,542.0,871.0,1017.0,855.0,3
1700242743,542.0,871.0,1017.0,855.0,3
1700242743,541.0,873.0,1017.0,855.0,3
1700242743,541.0,876.0,1017.0,855.0,3
1700242743,541.0,878.0,1017.0,855.0,3
1700242743,541.0,878.0,1017.0,855.0,3
1700242743,534.0,886.0,1017.0,855.0,3
1700242743,532.0,890.0,1017.0,855.0,3
1700242743,533.0,889.0,1017.0,855.0,3
1700242743,533.0,889.0,1017.0,855.0,3
1700242743,534.0,888.0,1017.0,855.0,3
1700242743,534.0,888.0,1017.0,855.0,3
1700242743,535.0,887.0,1017.0,855.0,3
1700242743,535.0,886.0,1017.0,855.0,3
1700242743,535.0,885.0,1017.0,855.0,3
1700242743,534.0,884.0,1017.0,855.0,3
1700242743,560.0,867.0,1017.0,855.0,3
1700242743,533.0,883.0,1017.0,855.0,3
1700242743,531.0,879.0,1017.0,855.0,3
1700242743,523.0,886.0,1017.0,855.0,3
1700242743,525.0,885.0,1017.0,855.0,3
1700242743,527.0,885.0,1017.0,855.0,3
1700242743,528.0,884.0,1017.0,855.0,0
1700242743,529.0,884.0,1017.0,855.0,0
1700242743,529.0,884.0,1017.0,855.0,0
1700242743,529.0,883.0,1017.0,855.0,0
1700242743,528.0,876.0,1017.0,855.0,3
1700242743,525.0,877.0,1017.0,855.0,3
1700242743,524.0,879.0,1017.0,855.0,3
1700242743,525.0,877.0,1017.0,855.0,3
1700242743,527.0,877.0,1017.0,855.0,3
1700242743,530.0,878.0,1017.0,855.0,3
1700242743,531.0,877.0,1017.0,855.0,3
1700242743,584.0,867.0,1017.0,855.0,3
1700242743,543.0,880.0,1017.0,855.0,3
1700242743,547.0,872.0,1011.0,836.0,3
1700242743,554.0,871.0,985.0,749.0,3
1700242743,671.0,821.0,959.0,698.0,3
1700242743,727.0,716.0,950.0,669.0,3
1700242743,767.0,639.0,958.0,664.0,3
1700242743,790.0,597.0,958.0,664.0,3
1700242743,807.0,574.0,958.0,664.0,3
1700242743,816.0,565.0,958.0,664.0,3
1700242743,822.0,557.0,957.0,665.0,3
1700242743,827.0,554.0,951.0,666.0,3
1700242743,830.0,551.0,940.0,640.0,3
1700242743,831.0,547.0,915.0,598.0,3
1700242743,829.0,545.0,900.0,577.0,3
1700242743,828.0,545.0,888.0,559.0,3
1700242743,828.0,543.0,887.0,558.0,3
1700242743,828.0,542.0,887.0,558.0,3
1700242743,831.0,542.0,887.0,558.0,3
1700242743,831.0,543.0,886.0,558.0,3
1700242743,833.0,544.0,886.0,558.0,3
1700242743,833.0,545.0,886.0,558.0,3
1700242743,834.0,546.0,886.0,558.0,3
1700242743,846.0,547.0,886.0,558.0,3
1700242743,836.0,546.0,886.0,558.0,0
1700242743,837.0,546.0,886.0,558.0,0
1700242743,838.0,546.0,886.0,558.0,0
1700242743,839.0,545.0,886.0,558.0,3
1700242743,839.0,546.0,886.0,558.0,3
1700242743,840.0,546.0,886.0,558.0,0
1700242743,840.0,543.0,886.0,558.0,0
1700242743,1192.0,673.0,885.0,556.0,3
1700242743,1529.0,725.0,885.0,556.0,3
1700242743,1792.0,845.0,885.0,556.0,3
1700242743,2962.0,711.0,3221.0,577.0,3
1700242743,2968.0,709.0,3221.0,577.0,3
1700242743,2979.0,705.0,3221.0,577.0,3
1700242743,2993.0,698.0,3221.0,577.0,3
1700242743,3008.0,690.0,3221.0,577.0,3
1700242743,3020.0,683.0,3221.0,577.0,3
1700242743,3032.0,676.0,3221.0,577.0,3
1700242743,3043.0,671.0,3221.0,577.0,3
1700242743,3053.0,667.0,3221.0,577.0,3
1700242743,3060.0,663.0,3221.0,577.0,3
1700242743,3066.0,660.0,3221.0,577.0,3
1700242743,3071.0,657.0,3221.0,577.0,3
1700242743,3075.0,656.0,3221.0,577.0,3
1700242743,3079.0,655.0,3221.0,577.0,3
1700242743,3082.0,653.0,3221.0,577.0,3
1700242743,3085.0,651.0,3221.0,577.0,3
1700242743,3087.0,650.0,3221.0,577.0,3
1700242743,3089.0,648.0,3221.0,577.0,3
1700242743,3091.0,647.0,3221.0,577.0,3
1700242743,3091.0,643.0,3221.0,577.0,3
1700242743,3091.0,638.0,3221.0,577.0,3
1700242743,3092.0,633.0,3220.0,582.0,3
1700242743,3092.0,630.0,3209.0,609.0,3
1700242743,3093.0,639.0,3207.0,623.0,3
1700242743,3096.0,597.0,3006.0,651.0,3
1700242743,3095.0,594.0,3006.0,651.0,3
1700242743,3107.0,581.0,3006.0,651.0,0
1700242743,2900.0,648.0,2648.0,654.0,0
1700242743,2854.0,726.0,2648.0,654.0,0
1700242743,2837.0,746.0,2648.0,654.0,0
1700242743,2817.0,791.0,2648.0,654.0,0
1700242743,2868.0,747.0,2648.0,654.0,0
1700242743,2854.0,738.0,2648.0,654.0,0
1700242743,2835.0,730.0,2648.0,654.0,0
1700242743,2864.0,865.0,2648.0,654.0,0
1700242743,2782.0,798.0,2648.0,654.0,3
1700242743,2772.0,803.0,2648.0,654.0,3
1700242743,2895.0,725.0,3022.0,657.0,3
1700242743,2787.0,747.0,3019.0,660.0,3
1700242743,2875.0,686.0,2842.0,652.0,3
1700242743,2869.0,731.0,2842.0,652.0,0
1700242743,2883.0,687.0,2842.0,652.0,0
1700242743,2887.0,740.0,2842.0,652.0,0
1700242743,2892.0,737.0,2842.0,652.0,3
1700242743,2909.0,750.0,2833.0,655.0,3
1700242743,2929.0,766.0,2800.0,656.0,3
1700242743,2952.0,776.0,2741.0,656.0,3
1700242743,2983.0,788.0,2702.0,656.0,3
1700242743,2989.0,790.0,2689.0,659.0,3
1700242743,2990.0,792.0,2680.0,661.0,3
1700242743,2991.0,804.0,2672.0,663.0,3
1700242743,2985.0,809.0,2671.0,664.0,3
1700242743,2984.0,812.0,2670.0,665.0,3
1700242743,2980.0,813.0,2670.0,665.0,3
1700242743,3043.0,916.0,2670.0,665.0,3
1700242743,3016.0,721.0,3131.0,667.0,3
1700242743,3017.0,717.0,3135.0,670.0,3
1700242743,3018.0,712.0,3135.0,670.0,3
1700242743,3020.0,706.0,3131.0,670.0,3
1700242743,3024.0,699.0,3117.0,670.0,3
1700242743,3026.0,693.0,3111.0,670.0,3
1700242743,3027.0,688.0,3108.0,670.0,3
1700242743,3028.0,685.0,3105.0,670.0,3
1700242743,3029.0,681.0,3100.0,670.0,3
1700242743,3030.0,678.0,3093.0,670.0,3
1700242743,3031.0,677.0,3091.0,670.0,3
1700242743,3030.0,675.0,3090.0,670.0,3
1700242743,3031.0,673.0,3086.0,669.0,3
1700242743,3031.0,673.0,3086.0,669.0,3
1700242743,3031.0,672.0,3086.0,669.0,3
1700242743,3031.0,672.0,3086.0,669.0,3
1700242743,3030.0,671.0,3085.0,668.0,0
1700242743,3030.0,671.0,3085.0,668.0,0
1700242743,3031.0,670.0,3085.0,668.0,0
1700242743,3031.0,670.0,3079.0,669.0,0
1700242743,3023.0,670.0,3053.0,671.0,0
1700242743,3008.0,669.0,3015.0,672.0,0
1700242743,2989.0,668.0,2958.0,674.0,0
1700242743,2972.0,669.0,2907.0,674.0,0
1700242743,2957.0,670.0,2863.0,674.0,0
1700242743,2946.0,669.0,2836.0,674.0,0
1700242743,2937.0,667.0,2822.0,674.0,0
1700242743,2932.0,664.0,2805.0,674.0,0
1700242743,2928.0,662.0,2793.0,674.0,0
1700242743,2937.0,721.0,2792.0,674.0,0
1700242743,2155.0,533.0,2099.0,563.0,3
1700242743,2163.0,567.0,2097.0,588.0,3
1700242743,2169.0,593.0,2092.0,625.0,3
1700242743,2176.0,610.0,2089.0,645.0,3
1700242743,2182.0,625.0,2086.0,655.0,3
1700242743,2186.0,631.0,2080.0,670.0,3
1700242743,2192.0,637.0,2072.0,686.0,3
1700242743,2197.0,638.0,2072.0,699.0,3
1700242743,2202.0,638.0,2072.0,718.0,3
1700242743,2201.0,649.0,2075.0,729.0,3
1700242743,2200.0,662.0,2082.0,736.0,3
1700242743,2197.0,671.0,2092.0,745.0,3
1700242743,2197.0,679.0,2100.0,752.0,3
1700242743,2199.0,683.0,2100.0,756.0,3
1700242743,2200.0,687.0,2100.0,760.0,3
1700242743,2203.0,689.0,2100.0,766.0,3
1700242743,2213.0,700.0,2096.0,773.0,3
1700242743,2223.0,714.0,2094.0,780.0,3
1700242743,2232.0,723.0,2094.0,781.0,3
1700242743,2237.0,730.0,2094.0,781.0,3
1700242743,2241.0,735.0,2094.0,781.0,3
1700242743,2244.0,738.0,2094.0,781.0,3
1700242743,2247.0,739.0,2094.0,781.0,3
1700242743,2248.0,737.0,2094.0,783.0,3
1700242743,2248.0,735.0,2094.0,786.0,3
1700242743,2249.0,734.0,2094.0,786.0,3
1700242743,2250.0,733.0,2094.0,786.0,3
1700242743,2250.0,732.0,2094.0,788.0,3
1700242743,2250.0,731.0,2095.0,789.0,3
1700242743,2251.0,730.0,2096.0,790.0,3
1700242743,2251.0,729.0,2097.0,790.0,3
1700242743,2251.0,728.0,2099.0,791.0,3
1700242743,2251.0,728.0,2104.0,793.0,3
1700242743,2252.0,728.0,2105.0,796.0,3
1700242743,2253.0,730.0,2105.0,796.0,3
1700242743,2254.0,731.0,2105.0,796.0,3
1700242743,2256.0,732.0,2105.0,796.0,3
1700242743,2257.0,734.0,2105.0,796.0,3
1700242743,2258.0,734.0,2105.0,796.0,0
1700242743,2258.0,735.0,2105.0,796.0,0
1700242743,2259.0,737.0,2105.0,796.0,0
1700242743,2260.0,739.0,2105.0,796.0,3
1700242743,2262.0,739.0,2105.0,796.0,3
1700242743,2264.0,741.0,2105.0,796.0,3
1700242743,2266.0,743.0,2105.0,796.0,3
1700242743,2269.0,745.0,2105.0,794.0,3
1700242743,2270.0,747.0,2104.0,791.0,3
1700242743,2271.0,749.0,2102.0,788.0,3
1700242743,2273.0,750.0,2101.0,787.0,3
1700242743,2274.0,751.0,2099.0,786.0,3
1700242743,3008.0,364.0,2096.0,785.0,3
1700242743,3013.0,345.0,2096.0,785.0,3
1700242743,3018.0,318.0,2096.0,785.0,3
1700242743,3008.0,332.0,2096.0,785.0,3
1700242743,3011.0,319.0,2096.0,785.0,3
1700242743,3007.0,303.0,2096.0,785.0,3
1700242743,3005.0,288.0,2096.0,785.0,3
1700242743,3004.0,275.0,2096.0,785.0,3
1700242743,3005.0,264.0,2096.0,785.0,3
1700242743,3006.0,256.0,2096.0,785.0,3
1700242743,3006.0,250.0,2096.0,785.0,3
1700242743,3006.0,246.0,2098.0,780.0,3
1700242743,3006.0,243.0,2258.0,731.0,3
1700242743,3007.0,242.0,2407.0,663.0,3
1700242743,3015.0,236.0,2565.0,604.0,3
1700242743,3027.0,229.0,2659.0,574.0,3
1700242743,3037.0,224.0,2679.0,561.0,3
1700242743,3045.0,219.0,2680.0,560.0,3
1700242743,3051.0,215.0,2680.0,560.0,0
1700242743,3056.0,212.0,2680.0,560.0,0
1700242743,3060.0,209.0,2680.0,560.0,0
1700242743,3064.0,207.0,2680.0,560.0,3
1700242743,3068.0,206.0,2680.0,560.0,3
1700242743,3071.0,202.0,2680.0,560.0,3
1700242743,3073.0,199.0,2680.0,560.0,3
1700242743,3076.0,195.0,2680.0,560.0,3
1700242743,3078.0,194.0,2667.0,561.0,3
1700242743,3079.0,191.0,2642.0,565.0,3
1700242743,3080.0,189.0,2642.0,565.0,3
1700242743,3082.0,187.0,2642.0,565.0,3
1700242743,3070.0,186.0,2642.0,565.0,3
1700242743,2998.0,200.0,2642.0,565.0,3
1700242743,2782.0,298.0,2660.0,574.0,3
1700242743,2596.0,472.0,2614.0,601.0,3
1700242743,2327.0,637.0,2434.0,699.0,3
1700242744,2221.0,715.0,2305.0,775.0,3
1700242744,2174.0,751.0,2217.0,855.0,3
1700242744,2313.0,738.0,2185.0,899.0,3
1700242744,2232.0,761.0,2152.0,910.0,3
1700242744,2262.0,766.0,2114.0,878.0,3
1700242744,2214.0,777.0,2109.0,868.0,3
1700242744,2186.0,786.0,2109.0,868.0,3
1700242744,2164.0,786.0,2109.0,868.0,3
1700242744,2142.0,788.0,2109.0,868.0,3
1700242744,2128.0,786.0,2107.0,857.0,3
1700242744,2117.0,786.0,2101.0,847.0,3
1700242744,2111.0,787.0,2103.0,822.0,3
1700242744,2109.0,787.0,2104.0,813.0,3
1700242744,2107.0,786.0,2104.0,809.0,3
1700242744,2107.0,785.0,2104.0,805.0,3
1700242744,2107.0,785.0,2102.0,800.0,3
1700242744,2106.0,784.0,2100.0,794.0,3
1700242744,2106.0,782.0,2097.0,787.0,3
1700242744,2106.0,781.0,2097.0,787.0,3
1700242744,2105.0,779.0,2097.0,787.0,3
1700242744,2105.0,778.0,2097.0,787.0,3
1700242744,2105.0,775.0,2097.0,787.0,3
1700242744,2104.0,772.0,2097.0,787.0,3
1700242744,2104.0,770.0,2097.0,787.0,3
1700242744,2104.0,771.0,2097.0,787.0,0
1700242744,2110.0,766.0,2097.0,787.0,0
1700242744,2121.0,757.0,2097.0,787.0,0
1700242744,2131.0,749.0,2097.0,787.0,3
1700242744,2139.0,742.0,2097.0,787.0,3
1700242744,2145.0,737.0,2097.0,787.0,3
1700242744,2152.0,733.0,2097.0,787.0,3
1700242744,2159.0,730.0,2097.0,787.0,3
1700242744,2163.0,728.0,2100.0,789.0,3
1700242744,2166.0,727.0,2103.0,792.0,3
1700242744,2168.0,726.0,2107.0,795.0,3
1700242744,2163.0,727.0,2109.0,796.0,3
1700242744,2160.0,728.0,2112.0,796.0,3
1700242744,2158.0,730.0,2114.0,795.0,3
1700242744,2156.0,730.0,2114.0,794.0,3
1700242744,2155.0,704.0,2114.0,794.0,3
1700242744,2428.0,669.0,2602.0,634.0,3
1700242744,2411.0,657.0,2517.0,631.0,3
1700242744,2415.0,647.0,2511.0,634.0,3
1700242744,2425.0,635.0,2508.0,634.0,3
1700242744,2434.0,624.0,2508.0,634.0,3
1700242744,2441.0,615.0,2508.0,634.0,3
1700242744,2447.0,609.0,2508.0,634.0,3
1700242744,2453.0,607.0,2508.0,634.0,3
1700242744,2457.0,607.0,2508.0,634.0,3
1700242744,2460.0,605.0,2508.0,634.0,3
1700242744,2456.0,620.0,2508.0,634.0,3
1700242744,2442.0,673.0,2508.0,634.0,3
1700242744,2423.0,740.0,2508.0,634.0,3
1700242744,2409.0,791.0,2508.0,634.0,3
1700242744,2399.0,818.0,2508.0,634.0,3
1700242744,2397.0,838.0,2508.0,634.0,3
1700242744,2395.0,851.0,2508.0,634.0,3
1700242744,2394.0,857.0,2508.0,634.0,3
1700242744,2392.0,862.0,2508.0,634.0,3
1700242744,2387.0,863.0,2508.0,634.0,3
1700242744,2388.0,863.0,2508.0,634.0,3
1700242744,2399.0,844.0,2508.0,634.0,3
1700242744,2437.0,780.0,2508.0,634.0,3
1700242744,2485.0,706.0,2508.0,634.0,3
1700242744,2518.0,656.0,2508.0,634.0,3
1700242744,2538.0,630.0,2509.0,635.0,3
1700242744,2549.0,615.0,2519.0,633.0,3
1700242744,2556.0,606.0,2536.0,629.0,3
1700242744,2553.0,604.0,2544.0,627.0,3
1700242744,2546.0,607.0,2545.0,626.0,3
1700242744,2544.0,609.0,2545.0,626.0,3
1700242744,2646.0,830.0,2833.0,586.0,3
1700242744,2270.0,754.0,2106.0,761.0,3
1700242744,2254.0,755.0,2106.0,761.0,3
1700242744,2225.0,756.0,2106.0,761.0,3
1700242744,2193.0,757.0,2106.0,761.0,3
1700242744,2175.0,757.0,2106.0,761.0,3
1700242744,2164.0,757.0,2106.0,761.0,3
1700242744,2154.0,759.0,2106.0,761.0,3
1700242744,2146.0,761.0,2106.0,761.0,3
1700242744,2139.0,763.0,2106.0,761.0,3
1700242744,2134.0,765.0,2106.0,761.0,3
1700242744,2131.0,764.0,2106.0,761.0,3
1700242744,2129.0,765.0,2106.0,761.0,3
1700242744,2127.0,766.0,2106.0,761.0,3
1700242744,2125.0,766.0,2106.0,761.0,3
1700242744,2141.0,750.0,2106.0,761.0,3
1700242744,2267.0,610.0,2106.0,761.0,0
1700242744,2447.0,379.0,2106.0,761.0,0
1700242744,2557.0,260.0,2106.0,761.0,0
1700242744,2598.0,206.0,2106.0,761.0,3
1700242744,2607.0,179.0,2106.0,761.0,3
1700242744,2620.0,171.0,2106.0,761.0,3
1700242744,2622.0,163.0,2106.0,761.0,3
1700242744,2622.0,160.0,2106.0,761.0,3
1700242744,2626.0,155.0,2106.0,761.0,3
1700242744,2627.0,150.0,2106.0,761.0,3
1700242744,2628.0,148.0,2106.0,761.0,3
1700242744,2633.0,145.0,2106.0,761.0,3
1700242744,2635.0,145.0,2106.0,761.0,3
1700242744,2636.0,144.0,2108.0,760.0,3
1700242744,2646.0,144.0,2128.0,741.0,3
1700242744,2672.0,144.0,2176.0,701.0,3
1700242744,2696.0,146.0,2293.0,624.0,3
1700242744,2716.0,148.0,2447.0,553.0,3
1700242744,2731.0,149.0,2580.0,511.0,3
1700242744,2743.0,130.0,2627.0,503.0,3
1700242744,2557.0,283.0,2812.0,555.0,3
1700242744,2491.0,340.0,2747.0,584.0,3
1700242744,2345.0,496.0,2602.0,656.0,3
1700242744,2236.0,617.0,2459.0,726.0,3
1700242744,2187.0,672.0,2362.0,765.0,3
1700242744,2163.0,698.0,2334.0,771.0,3
1700242744,2146.0,713.0,2303.0,764.0,3
1700242744,2140.0,718.0,2263.0,754.0,3
1700242744,2137.0,723.0,2246.0,752.0,3
1700242744,2123.0,739.0,2245.0,752.0,3
1700242744,2114.0,750.0,2241.0,752.0,3
1700242744,2108.0,757.0,2213.0,754.0,3
1700242744,2104.0,762.0,2171.0,772.0,3
1700242744,2100.0,768.0,2151.0,784.0,3
1700242744,2095.0,773.0,2136.0,795.0,3
1700242744,2090.0,775.0,2127.0,800.0,3
1700242744,2087.0,777.0,2127.0,800.0,3
1700242744,2086.0,778.0,2126.0,801.0,3
1700242744,2083.0,779.0,2126.0,801.0,3
1700242744,2082.0,781.0,2126.0,801.0,3
1700242744,2081.0,783.0,2126.0,801.0,3
1700242744,2079.0,784.0,2126.0,801.0,3
1700242744,2078.0,785.0,2126.0,801.0,3
1700242744,2101.0,757.0,2126.0,801.0,3
1700242744,2312.0,511.0,2126.0,801.0,0
1700242744,2546.0,259.0,2126.0,801.0,0
1700242744,2678.0,144.0,2126.0,801.0,3
1700242744,2727.0,104.0,2126.0,801.0,3
1700242744,2746.0,91.0,2126.0,790.0,3
1700242744,2749.0,83.0,2126.0,788.0,3
1700242744,2748.0,83.0,2126.0,788.0,3
1700242744,2749.0,85.0,2126.0,788.0,3
1700242744,2751.0,88.0,2126.0,788.0,3
1700242744,2750.0,90.0,2125.0,789.0,3
1700242744,2750.0,92.0,2125.0,789.0,3
1700242744,2752.0,95.0,2164.0,778.0,3
1700242744,2757.0,100.0,2279.0,721.0,3
1700242744,2759.0,102.0,2458.0,603.0,3
1700242744,2761.0,104.0,2617.0,497.0,3
1700242744,2763.0,105.0,2719.0,422.0,3
1700242744,2764.0,106.0,2754.0,389.0,3
1700242744,2765.0,108.0,2767.0,369.0,3
1700242744,2766.0,109.0,2770.0,364.0,3
1700242744,2766.0,277.0,2770.0,364.0,3
1700242744,2699.0,105.0,2697.0,237.0,3
1700242744,2696.0,104.0,2691.0,213.0,3
1700242744,2692.0,103.0,2690.0,203.0,3
1700242744,2689.0,100.0,2690.0,195.0,3
1700242744,2685.0,99.0,2690.0,195.0,3
1700242744,2682.0,97.0,2690.0,194.0,3
1700242744,2675.0,97.0,2690.0,194.0,3
1700242744,2664.0,95.0,2690.0,194.0,3
1700242744,2653.0,91.0,2690.0,193.0,3
1700242744,2647.0,89.0,2690.0,193.0,3
1700242744,2641.0,86.0,2690.0,193.0,3
1700242744,2636.0,83.0,2690.0,193.0,3
1700242744,2633.0,81.0,2690.0,193.0,3
1700242744,2631.0,78.0,2690.0,193.0,3
1700242744,2629.0,75.0,2690.0,193.0,3
1700242744,2625.0,70.0,2690.0,192.0,3
1700242744,2621.0,64.0,2683.0,186.0,3
1700242744,2618.0,61.0,2668.0,178.0,3
1700242744,2615.0,60.0,2660.0,175.0,3
1700242744,2613.0,57.0,2658.0,174.0,3
1700242744,2599.0,51.0,2657.0,173.0,3
1700242744,2578.0,52.0,2657.0,173.0,3
1700242744,2561.0,49.0,2657.0,173.0,3
1700242744,2546.0,55.0,2657.0,173.0,3
1700242744,2535.0,57.0,2656.0,175.0,3
1700242744,2527.0,60.0,2652.0,190.0,3
1700242744,2520.0,66.0,2650.0,210.0,3
1700242744,2514.0,67.0,2650.0,223.0,3
1700242744,2510.0,63.0,2657.0,223.0,3
1700242744,2508.0,67.0,2659.0,213.0,3
1700242744,2507.0,65.0,2668.0,202.0,3
1700242744,2505.0,65.0,2677.0,193.0,3
1700242744,2504.0,68.0,2685.0,186.0,3
1700242744,2512.0,67.0,2688.0,184.0,3
1700242744,2529.0,66.0,2693.0,182.0,3
1700242744,2554.0,62.0,2698.0,183.0,3
1700242744,2577.0,61.0,2698.0,206.0,3
1700242744,2598.0,65.0,2681.0,266.0,3
1700242744,2617.0,58.0,2662.0,333.0,3
1700242744,2629.0,69.0,2639.0,398.0,3
1700242744,2640.0,76.0,2614.0,425.0,3
1700242744,2650.0,82.0,2600.0,420.0,3
1700242744,2657.0,88.0,2597.0,406.0,3
1700242744,2661.0,89.0,2610.0,392.0,3
1700242744,2665.0,91.0,2612.0,392.0,3
1700242744,2666.0,93.0,2622.0,388.0,3
1700242744,2663.0,94.0,2630.0,388.0,3
1700242744,2659.0,96.0,2630.0,388.0,3
1700242744,2657.0,96.0,2630.0,388.0,3
1700242744,2654.0,98.0,2630.0,388.0,3
1700242744,2652.0,99.0,2630.0,388.0,3
1700242744,2649.0,100.0,2631.0,389.0,3
1700242744,2647.0,103.0,2632.0,390.0,3
1700242744,2644.0,104.0,2633.0,390.0,3
1700242744,2641.0,104.0,2634.0,390.0,3
1700242744,2634.0,106.0,2636.0,390.0,3
1700242744,2625.0,108.0,2639.0,390.0,3
1700242744,2616.0,108.0,2642.0,390.0,3
1700242744,2608.0,108.0,2643.0,390.0,3
1700242744,2600.0,108.0,2643.0,390.0,3
1700242744,2593.0,108.0,2643.0,390.0,3
1700242744,2588.0,107.0,2643.0,390.0,3
1700242744,2583.0,106.0,2643.0,390.0,3
1700242744,2586.0,107.0,2643.0,390.0,3
1700242744,2593.0,108.0,2643.0,390.0,3
1700242744,2598.0,108.0,2634.0,409.0,3
1700242744,2607.0,110.0,2610.0,442.0,3
1700242744,2615.0,112.0,2566.0,469.0,3
1700242744,2583.0,147.0,2550.0,454.0,3
1700242744,2446.0,312.0,2563.0,431.0,3
1700242744,2291.0,536.0,2580.0,423.0,3
1700242744,2198.0,658.0,2591.0,416.0,3
1700242744,2156.0,706.0,2593.0,416.0,3
1700242744,2147.0,724.0,2556.0,452.0,3
1700242744,2146.0,732.0,2450.0,540.0,3
1700242744,2143.0,733.0,2350.0,602.0,3
1700242744,2142.0,733.0,2306.0,629.0,3
1700242744,2121.0,741.0,2298.0,635.0,3
1700242744,2105.0,750.0,2289.0,644.0,3
1700242744,2097.0,756.0,2263.0,661.0,3
1700242744,2091.0,758.0,2236.0,681.0,3
1700242744,2090.0,760.0,2222.0,691.0,3
1700242744,2086.0,762.0,2198.0,709.0,3
1700242744,2084.0,762.0,2162.0,725.0,3
1700242744,2084.0,763.0,2121.0,749.0,3
1700242744,2084.0,765.0,2096.0,766.0,3
1700242744,2084.0,767.0,2088.0,772.0,3
1700242744,2083.0,769.0,2085.0,775.0,3
1700242744,2082.0,770.0,2081.0,779.0,3
1700242744,2081.0,770.0,2080.0,780.0,3
1700242744,2082.0,770.0,2079.0,781.0,3
1700242744,2082.0,770.0,2079.0,781.0,3
1700242744,2081.0,771.0,2079.0,781.0,3
1700242744,2081.0,771.0,2079.0,781.0,3
1700242744,2088.0,767.0,2079.0,781.0,3
1700242744,2199.0,709.0,2079.0,781.0,3
1700242744,2440.0,601.0,2079.0,781.0,0
1700242744,2628.0,526.0,2079.0,781.0,0
1700242744,2718.0,484.0,2079.0,781.0,3
1700242744,2758.0,468.0,2079.0,781.0,3
1700242744,2778.0,463.0,2074.0,769.0,3
1700242744,2788.0,459.0,2057.0,759.0,3
1700242744,2793.0,457.0,2057.0,759.0,3
1700242744,2795.0,456.0,2057.0,759.0,3
1700242744,2797.0,456.0,2057.0,759.0,3
1700242744,2798.0,455.0,2059.0,762.0,3
1700242744,2798.0,452.0,2089.0,756.0,3
1700242744,2798.0,450.0,2198.0,712.0,3
1700242744,2820.0,475.0,2319.0,661.0,3
1700242744,2877.0,528.0,2509.0,591.0,3
1700242744,2932.0,581.0,2705.0,544.0,3
1700242744,2971.0,617.0,2890.0,552.0,3
1700242744,2997.0,639.0,3003.0,591.0,3
1700242744,3015.0,650.0,3035.0,614.0,3
1700242744,3044.0,668.0,3054.0,629.0,3
1700242744,3069.0,686.0,3064.0,636.0,3
1700242744,3085.0,699.0,3074.0,639.0,3
1700242744,3095.0,707.0,3077.0,640.0,3
1700242744,3102.0,710.0,3077.0,640.0,3
1700242744,3116.0,739.0,3077.0,640.0,3
1700242744,3160.0,725.0,3218.0,494.0,3
1700242744,3154.0,733.0,3218.0,494.0,3
1700242744,3149.0,730.0,3218.0,494.0,3
1700242744,3149.0,727.0,3218.0,494.0,3
1700242744,3142.0,700.0,3218.0,494.0,3
1700242744,3132.0,656.0,3218.0,494.0,3
1700242744,3119.0,620.0,3218.0,494.0,3
1700242744,3108.0,624.0,3218.0,494.0,3
1700242744,3110.0,606.0,3218.0,494.0,3
1700242744,3114.0,581.0,3218.0,494.0,3
1700242744,3117.0,558.0,3218.0,494.0,3
1700242744,3123.0,540.0,3218.0,494.0,3
1700242744,3122.0,530.0,3218.0,494.0,3
1700242744,3121.0,524.0,3218.0,494.0,3
1700242744,3121.0,519.0,3218.0,494.0,3
1700242744,3119.0,517.0,3218.0,494.0,3
1700242744,3118.0,516.0,3218.0,494.0,3
1700242744,3115.0,516.0,3218.0,494.0,3
1700242744,3116.0,520.0,3218.0,494.0,3
1700242744,3150.0,513.0,3218.0,494.0,3
1700242744,3137.0,886.0,3218.0,494.0,3
1700242744,3134.0,761.0,3218.0,494.0,3
1700242744,3133.0,738.0,3218.0,494.0,3
1700242744,3132.0,701.0,3218.0,494.0,3
1700242744,3133.0,656.0,3218.0,494.0,3
1700242744,3138.0,616.0,3218.0,494.0,3
1700242744,3145.0,573.0,3218.0,494.0,3
1700242744,3145.0,563.0,3218.0,494.0,3
1700242744,3159.0,579.0,3218.0,494.0,3
1700242744,3159.0,617.0,3218.0,494.0,3
1700242744,3183.0,645.0,3218.0,494.0,3
1700242744,3206.0,666.0,3218.0,494.0,3
1700242744,3226.0,678.0,3218.0,494.0,3
1700242744,3245.0,687.0,3218.0,494.0,3
1700242744,3238.0,705.0,3218.0,494.0,3
1700242744,3249.0,699.0,3218.0,494.0,3
1700242744,3250.0,698.0,3218.0,494.0,3
1700242744,3249.0,700.0,3218.0,494.0,3
1700242744,3254.0,703.0,3218.0,494.0,3
1700242744,3256.0,699.0,3218.0,494.0,0
1700242744,3250.0,695.0,3218.0,494.0,0
1700242744,3244.0,698.0,3218.0,494.0,0
1700242744,3245.0,701.0,3218.0,494.0,0
1700242744,3245.0,708.0,3218.0,494.0,3
1700242744,3239.0,716.0,3218.0,494.0,3
1700242744,3236.0,722.0,3219.0,495.0,3
1700242744,3234.0,728.0,3215.0,525.0,3
1700242744,3221.0,742.0,3199.0,558.0,3
1700242744,3220.0,747.0,3194.0,566.0,3
1700242744,3220.0,754.0,3194.0,566.0,3
1700242744,3228.0,757.0,3193.0,567.0,3
1700242744,3237.0,763.0,3187.0,567.0,3
1700242744,3239.0,775.0,3187.0,567.0,3
1700242744,3243.0,786.0,3187.0,567.0,3
1700242744,3246.0,791.0,3187.0,567.0,3
1700242744,3242.0,789.0,3187.0,567.0,0
1700242744,3239.0,784.0,3187.0,567.0,0
1700242744,3237.0,764.0,3187.0,567.0,0
1700242744,3232.0,727.0,3187.0,567.0,3
1700242744,3232.0,720.0,3187.0,567.0,3
1700242744,3234.0,730.0,3175.0,567.0,3
1700242744,3221.0,730.0,3143.0,570.0,3
1700242744,3206.0,726.0,3106.0,571.0,3
1700242744,3196.0,736.0,3082.0,574.0,3
1700242744,3206.0,739.0,3063.0,579.0,3
1700242744,3229.0,758.0,3051.0,584.0,3
1700242744,3199.0,750.0,3042.0,592.0,3
1700242744,3172.0,744.0,3035.0,600.0,3
1700242744,3149.0,747.0,3031.0,606.0,3
1700242744,3143.0,726.0,3031.0,606.0,3
1700242744,3149.0,762.0,3031.0,606.0,3
1700242744,3148.0,738.0,3031.0,606.0,3
1700242744,3084.0,771.0,3031.0,606.0,0
1700242744,3113.0,778.0,3031.0,606.0,0
1700242744,3126.0,781.0,3031.0,606.0,0
1700242744,3124.0,791.0,3031.0,606.0,3
1700242744,3129.0,804.0,3031.0,606.0,3
1700242744,3142.0,814.0,3031.0,606.0,3
1700242744,2088.0,-153.0,2724.0,179.0,3
1700242744,2829.0,333.0,2681.0,129.0,3
1700242744,2817.0,372.0,2681.0,129.0,3
1700242744,2763.0,293.0,2681.0,129.0,3
1700242744,2723.0,217.0,2681.0,129.0,3
1700242744,2699.0,171.0,2681.0,129.0,3
1700242744,2680.0,146.0,2681.0,129.0,3
1700242744,2676.0,134.0,2681.0,129.0,3
1700242744,2673.0,124.0,2681.0,129.0,3
1700242744,2668.0,116.0,2681.0,129.0,3
1700242744,2666.0,109.0,2681.0,129.0,3
1700242744,2667.0,105.0,2681.0,129.0,3
1700242744,2667.0,103.0,2681.0,129.0,3
1700242744,2665.0,102.0,2681.0,124.0,3
1700242744,2666.0,100.0,2680.0,119.0,3
1700242744,2669.0,97.0,2680.0,112.0,3
1700242744,2673.0,97.0,2680.0,104.0,3
1700242744,2675.0,97.0,2680.0,97.0,3
1700242744,2677.0,96.0,2683.0,92.0,3
1700242744,2677.0,95.0,2683.0,90.0,3
1700242744,2683.0,94.0,2683.0,89.0,3
1700242744,2695.0,95.0,2684.0,85.0,3
1700242744,2694.0,97.0,2684.0,78.0,3
1700242744,2693.0,98.0,2685.0,74.0,3
1700242744,2692.0,99.0,2685.0,72.0,3
1700242744,2692.0,99.0,2685.0,70.0,3
1700242744,2692.0,99.0,2685.0,68.0,3
1700242744,2692.0,99.0,2685.0,68.0,3
1700242744,2692.0,98.0,2685.0,68.0,3
1700242744,2687.0,97.0,2685.0,68.0,3
1700242744,2670.0,95.0,2685.0,68.0,3
1700242744,2643.0,91.0,2680.0,67.0,3
1700242744,2616.0,86.0,2637.0,67.0,3
1700242744,2593.0,82.0,2587.0,67.0,3
1700242744,2575.0,78.0,2555.0,69.0,3
1700242744,2561.0,74.0,2537.0,71.0,3
1700242744,2549.0,72.0,2536.0,71.0,3
1700242744,2551.0,69.0,2531.0,72.0,3
1700242744,2561.0,68.0,2528.0,74.0,3
1700242744,2563.0,68.0,2527.0,74.0,3
1700242744,2581.0,66.0,2525.0,72.0,3
1700242744,2646.0,61.0,2522.0,69.0,3
1700242744,2670.0,66.0,2522.0,64.0,3
1700242744,2638.0,89.0,2522.0,59.0,3
1700242744,2763.0,228.0,2616.0,414.0,3
1700242744,2710.0,292.0,2616.0,414.0,3
1700242744,2593.0,398.0,2616.0,414.0,3
1700242744,2559.0,470.0,2628.0,425.0,3
1700242744,2465.0,524.0,2634.0,427.0,3
1700242744,2575.0,630.0,2634.0,427.0,3
1700242745,2724.0,757.0,2634.0,427.0,3
1700242745,2656.0,848.0,2634.0,427.0,3
1700242745,2629.0,755.0,2634.0,427.0,3
1700242745,2418.0,654.0,2634.0,427.0,3
1700242745,2431.0,640.0,2634.0,427.0,3
1700242745,2603.0,652.0,2634.0,427.0,3
1700242745,2768.0,638.0,2700.0,435.0,3
1700242745,2778.0,705.0,2700.0,435.0,3
1700242745,3416.0,653.0,2700.0,435.0,3
1700242745,3490.0,655.0,2700.0,435.0,3
1700242745,2799.0,788.0,2700.0,435.0,3
1700242745,2749.0,834.0,2700.0,435.0,3
1700242745,2711.0,861.0,2700.0,435.0,3
1700242745,2816.0,868.0,2700.0,435.0,3
1700242745,2678.0,835.0,2700.0,435.0,3
1700242745,2671.0,832.0,2700.0,435.0,3
1700242745,2674.0,828.0,2700.0,435.0,3
1700242745,2673.0,831.0,2700.0,435.0,3
1700242745,2676.0,828.0,2700.0,435.0,3
1700242745,2675.0,827.0,2700.0,435.0,3
1700242745,2672.0,830.0,2700.0,435.0,3
1700242745,2664.0,783.0,2700.0,435.0,3
1700242745,2627.0,865.0,2700.0,435.0,3
1700242745,2665.0,757.0,2700.0,435.0,3
1700242745,2669.0,714.0,2700.0,435.0,3
1700242745,2541.0,806.0,2706.0,436.0,3
1700242745,2675.0,897.0,2706.0,436.0,3
1700242745,2799.0,911.0,2706.0,436.0,3
1700242745,2606.0,622.0,2706.0,436.0,3
1700242745,2616.0,640.0,2706.0,436.0,3
1700242745,2630.0,632.0,2706.0,436.0,3
1700242745,2546.0,889.0,2706.0,436.0,3
1700242745,2628.0,632.0,2706.0,436.0,3
1700242745,2613.0,551.0,2706.0,436.0,3
1700242745,2617.0,584.0,2706.0,436.0,3
1700242745,2588.0,822.0,2706.0,436.0,3
1700242745,2621.0,614.0,2706.0,436.0,3
1700242745,2614.0,613.0,2706.0,436.0,3
1700242745,2609.0,610.0,2706.0,436.0,3
1700242745,2490.0,698.0,2706.0,436.0,3
1700242745,2480.0,613.0,2706.0,436.0,3
1700242745,2520.0,506.0,2706.0,436.0,3
1700242745,2544.0,436.0,2700.0,436.0,3
1700242745,2551.0,401.0,2695.0,436.0,3
1700242745,2552.0,380.0,2685.0,436.0,3
1700242745,2555.0,369.0,2660.0,429.0,3
1700242745,2554.0,363.0,2635.0,418.0,3
1700242745,2554.0,360.0,2629.0,413.0,3
1700242745,2553.0,357.0,2627.0,404.0,3
1700242745,2552.0,355.0,2625.0,390.0,3
1700242745,2552.0,353.0,2625.0,386.0,3
1700242745,2552.0,350.0,2625.0,386.0,3
1700242745,2553.0,350.0,2625.0,386.0,3
1700242745,2561.0,350.0,2636.0,384.0,3
1700242745,2568.0,351.0,2660.0,384.0,3
1700242745,2574.0,351.0,2679.0,384.0,3
1700242745,2579.0,351.0,2682.0,382.0,3
1700242745,2645.0,315.0,2598.0,369.0,3
1700242745,2656.0,357.0,2598.0,369.0,3
1700242745,2672.0,419.0,2598.0,369.0,0
1700242745,2680.0,439.0,2598.0,369.0,0
1700242745,2686.0,447.0,2598.0,369.0,0
1700242745,2683.0,675.0,2598.0,369.0,3
1700242745,2699.0,691.0,2598.0,369.0,0
1700242745,2693.0,489.0,2598.0,369.0,0
1700242745,2687.0,532.0,2598.0,369.0,0
1700242745,2685.0,755.0,2598.0,369.0,0
1700242745,2674.0,569.0,2598.0,369.0,3
1700242745,2689.0,776.0,2598.0,369.0,3
1700242745,2655.0,729.0,2641.0,369.0,3
1700242745,2682.0,550.0,2721.0,369.0,3
1700242745,2677.0,547.0,2791.0,369.0,3
1700242745,2676.0,551.0,2821.0,366.0,3
1700242745,2675.0,556.0,2828.0,364.0,3
1700242745,2673.0,562.0,2829.0,363.0,3
1700242745,2688.0,807.0,2829.0,363.0,0
1700242745,2661.0,475.0,2738.0,351.0,0
1700242745,2659.0,461.0,2738.0,351.0,0
1700242745,2655.0,440.0,2738.0,351.0,0
1700242745,2653.0,420.0,2738.0,351.0,3
1700242745,2650.0,404.0,2738.0,351.0,3
1700242745,2651.0,392.0,2727.0,357.0,3
1700242745,2650.0,384.0,2697.0,362.0,3
1700242745,2651.0,377.0,2677.0,364.0,3
1700242745,2648.0,373.0,2668.0,364.0,3
1700242745,2647.0,368.0,2667.0,364.0,3
1700242745,2667.0,355.0,2667.0,364.0,3
1700242745,2628.0,340.0,2670.0,491.0,3
1700242745,2627.0,339.0,2670.0,491.0,3
1700242745,2627.0,337.0,2670.0,494.0,3
1700242745,2626.0,336.0,2671.0,496.0,3
1700242745,2622.0,335.0,2673.0,499.0,3
1700242745,2784.0,893.0,2659.0,414.0,3
1700242745,2723.0,576.0,2678.0,303.0,3
1700242745,2768.0,438.0,2678.0,303.0,3
1700242745,2753.0,394.0,2685.0,288.0,3
1700242745,2674.0,306.0,2698.0,260.0,3
1700242745,2696.0,363.0,2699.0,240.0,3
1700242745,2736.0,289.0,2690.0,227.0,3
1700242745,2715.0,281.0,2681.0,221.0,3
1700242745,2752.0,321.0,2678.0,221.0,3
1700242745,2769.0,173.0,2841.0,341.0,3
1700242745,2767.0,165.0,2842.0,305.0,3
1700242745,2764.0,158.0,2839.0,254.0,3
1700242745,2761.0,149.0,2832.0,211.0,3
1700242745,2759.0,140.0,2824.0,164.0,3
1700242745,2758.0,133.0,2818.0,129.0,3
1700242745,2792.0,138.0,2815.0,112.0,3
1700242745,2149.0,770.0,2087.0,771.0,3
1700242746,2146.0,777.0,2087.0,780.0,3
1700242746,2146.0,786.0,2087.0,788.0,3
1700242746,2139.0,792.0,2087.0,790.0,3
1700242746,2144.0,797.0,2087.0,790.0,3
1700242746,2146.0,799.0,2087.0,790.0,3
1700242746,2145.0,801.0,2087.0,790.0,3
1700242746,2146.0,802.0,2087.0,790.0,3
1700242746,2148.0,804.0,2087.0,790.0,3
1700242746,2147.0,805.0,2087.0,790.0,3
1700242746,2159.0,802.0,2087.0,790.0,3
1700242746,3286.0,596.0,3144.0,670.0,3
1700242746,3217.0,628.0,3144.0,670.0,3
1700242746,3204.0,675.0,3144.0,670.0,3
1700242746,3247.0,685.0,3144.0,670.0,3
1700242746,3231.0,745.0,3144.0,670.0,3
1700242746,3251.0,739.0,3144.0,670.0,0
1700242746,3259.0,740.0,3144.0,670.0,0
1700242746,3258.0,742.0,3144.0,670.0,3
1700242746,3237.0,736.0,3144.0,670.0,3
1700242746,3239.0,754.0,3144.0,670.0,3
1700242746,3238.0,773.0,3144.0,670.0,3
1700242746,3203.0,806.0,3123.0,674.0,3
1700242746,3220.0,812.0,3095.0,677.0,3
1700242746,3221.0,819.0,3074.0,681.0,3
1700242746,3206.0,814.0,3049.0,681.0,3
1700242746,3210.0,824.0,3001.0,681.0,3
1700242746,2100.0,-132.0,2611.0,626.0,3
1700242746,2882.0,613.0,2611.0,626.0,3
1700242746,2855.0,600.0,2611.0,626.0,0
1700242746,2810.0,585.0,2611.0,626.0,0
1700242746,2814.0,598.0,2611.0,626.0,0
1700242746,2782.0,585.0,2611.0,626.0,3
1700242746,2778.0,616.0,2611.0,626.0,3
1700242746,2752.0,596.0,2611.0,626.0,0
1700242746,2729.0,577.0,2611.0,626.0,0
1700242746,2737.0,593.0,2611.0,626.0,0
1700242746,2723.0,578.0,2611.0,626.0,0
1700242746,2773.0,749.0,2611.0,626.0,3
1700242746,2726.0,602.0,2611.0,626.0,3
1700242746,2769.0,762.0,2611.0,626.0,3
1700242746,2709.0,623.0,2629.0,626.0,3
1700242746,2773.0,800.0,2690.0,626.0,3
1700242746,2694.0,654.0,2769.0,626.0,3
1700242746,2714.0,664.0,2835.0,623.0,3
1700242746,2717.0,693.0,2884.0,609.0,3
1700242746,2719.0,726.0,2917.0,599.0,3
1700242746,2703.0,702.0,2946.0,593.0,3
1700242746,2695.0,689.0,2955.0,589.0,3
1700242746,2707.0,706.0,2949.0,576.0,3
1700242746,3004.0,646.0,3201.0,588.0,3
1700242746,3038.0,644.0,3091.0,574.0,3
1700242746,3001.0,570.0,3037.0,558.0,3
1700242746,3029.0,595.0,3021.0,553.0,3
1700242746,3066.0,562.0,3021.0,553.0,3
1700242746,3098.0,535.0,3020.0,552.0,3
1700242746,3132.0,500.0,3020.0,552.0,3
1700242746,3135.0,486.0,3020.0,552.0,3
1700242746,3126.0,479.0,3020.0,552.0,3
1700242746,3126.0,469.0,3020.0,552.0,3
1700242746,3109.0,452.0,3020.0,552.0,3
1700242746,3102.0,422.0,3020.0,552.0,3
1700242746,3096.0,354.0,3020.0,552.0,3
1700242746,3089.0,305.0,3020.0,552.0,3
1700242746,3077.0,276.0,3020.0,552.0,3
1700242746,3070.0,259.0,3020.0,552.0,3
1700242746,3068.0,248.0,3020.0,552.0,3
1700242746,3066.0,244.0,3020.0,552.0,3
1700242746,3067.0,242.0,3020.0,552.0,3
1700242746,3068.0,240.0,3020.0,552.0,3
1700242746,3068.0,240.0,3020.0,552.0,3
1700242746,3070.0,241.0,3020.0,552.0,3
1700242746,3071.0,243.0,3020.0,552.0,3
1700242746,3070.0,244.0,3020.0,552.0,3
1700242746,3070.0,245.0,3020.0,552.0,3
1700242746,3070.0,245.0,3020.0,552.0,3
1700242746,3071.0,241.0,3020.0,552.0,3
1700242746,3072.0,234.0,3020.0,552.0,3
1700242746,3073.0,226.0,3020.0,552.0,3
1700242746,3073.0,217.0,3020.0,552.0,3
1700242746,3075.0,210.0,3020.0,552.0,3
1700242746,3076.0,204.0,3020.0,552.0,3
1700242746,3077.0,198.0,3020.0,552.0,3
1700242746,3078.0,193.0,3020.0,552.0,3
1700242746,3081.0,189.0,3020.0,552.0,3
1700242746,3084.0,188.0,3020.0,552.0,3
1700242746,3087.0,186.0,3020.0,552.0,3
1700242746,3090.0,188.0,3020.0,552.0,3
1700242746,3037.0,218.0,2913.0,541.0,3
1700242746,2828.0,270.0,2918.0,546.0,3
1700242746,2756.0,279.0,2922.0,547.0,3
1700242746,2693.0,296.0,2924.0,547.0,3
1700242746,2658.0,306.0,2924.0,547.0,3
1700242746,2631.0,316.0,2928.0,545.0,3
1700242746,2628.0,316.0,2930.0,540.0,3
1700242746,2645.0,323.0,2932.0,533.0,3
1700242746,2644.0,326.0,2932.0,524.0,3
1700242746,2631.0,328.0,2930.0,515.0,3
1700242746,2625.0,324.0,2921.0,506.0,3
1700242746,2624.0,325.0,2912.0,501.0,3
1700242746,2612.0,317.0,2899.0,494.0,3
1700242746,2614.0,318.0,2891.0,490.0,3
1700242746,2609.0,319.0,2890.0,489.0,3
1700242746,2604.0,312.0,2890.0,489.0,3
1700242746,2605.0,313.0,2890.0,489.0,3
1700242746,2606.0,315.0,2890.0,489.0,3
1700242746,2617.0,316.0,2890.0,489.0,3
1700242746,2609.0,316.0,2890.0,489.0,3
1700242746,2603.0,315.0,2890.0,489.0,3
1700242746,2598.0,315.0,2890.0,489.0,3
1700242746,2601.0,319.0,2890.0,489.0,3
1700242746,2946.0,227.0,2899.0,447.0,3
1700242746,2715.0,317.0,2902.0,442.0,3
1700242746,2710.0,323.0,2904.0,438.0,3
1700242746,2704.0,334.0,2906.0,433.0,3
1700242746,2731.0,356.0,2908.0,431.0,3
1700242746,2541.0,507.0,2908.0,430.0,3
1700242746,2953.0,203.0,2968.0,375.0,3
1700242746,2958.0,201.0,2974.0,372.0,3
1700242746,2965.0,197.0,2985.0,364.0,3
1700242746,2974.0,193.0,2995.0,355.0,3
1700242746,2981.0,188.0,3000.0,350.0,3
1700242746,2987.0,184.0,3005.0,345.0,3
1700242746,2991.0,181.0,3008.0,342.0,3
1700242746,2993.0,180.0,3008.0,342.0,3
1700242746,2996.0,178.0,3010.0,340.0,3
1700242746,2998.0,177.0,3010.0,340.0,3
1700242746,3000.0,177.0,3012.0,338.0,3
1700242746,3002.0,177.0,3012.0,338.0,3
1700242746,3004.0,178.0,3014.0,337.0,3
1700242746,3005.0,178.0,3016.0,336.0,3
1700242746,3006.0,179.0,3017.0,335.0,3
1700242746,3008.0,179.0,3017.0,335.0,3
1700242746,3010.0,181.0,3017.0,335.0,3
1700242746,3013.0,183.0,3017.0,335.0,3
1700242746,3014.0,186.0,3018.0,334.0,3
1700242746,3017.0,188.0,3018.0,334.0,3
1700242746,3019.0,191.0,3018.0,334.0,3
1700242746,3021.0,194.0,3018.0,334.0,3
1700242746,3007.0,197.0,3018.0,334.0,3
1700242746,2969.0,201.0,3018.0,334.0,3
1700242746,2924.0,208.0,3018.0,334.0,3
1700242746,2886.0,213.0,3018.0,334.0,3
1700242746,2857.0,219.0,3018.0,334.0,3
1700242746,2838.0,221.0,3018.0,334.0,3
1700242746,2824.0,223.0,3018.0,334.0,3
1700242746,2813.0,224.0,3018.0,334.0,3
1700242746,2806.0,223.0,3018.0,334.0,3
1700242746,2798.0,223.0,3018.0,334.0,3
1700242746,2794.0,224.0,3018.0,334.0,3
1700242746,2792.0,216.0,3018.0,334.0,3
1700242746,2790.0,208.0,3018.0,334.0,3
1700242746,2789.0,201.0,3018.0,334.0,3
1700242746,2788.0,196.0,3018.0,334.0,3
1700242746,2787.0,190.0,3018.0,334.0,3
1700242746,2786.0,186.0,3018.0,334.0,3
1700242746,2787.0,183.0,3018.0,334.0,3
1700242746,2786.0,181.0,3018.0,334.0,3
1700242746,2786.0,180.0,3018.0,334.0,3
1700242746,2786.0,179.0,3018.0,334.0,3
1700242746,2786.0,178.0,3018.0,334.0,3
1700242746,2786.0,176.0,3018.0,334.0,3
1700242746,2786.0,175.0,3018.0,334.0,3
1700242746,2786.0,175.0,3018.0,334.0,3
1700242746,2786.0,174.0,3018.0,334.0,3
1700242746,2786.0,173.0,3018.0,334.0,3
1700242746,2786.0,172.0,3018.0,334.0,3
1700242746,2787.0,171.0,3018.0,334.0,3
1700242746,2787.0,171.0,3018.0,334.0,3
1700242746,2787.0,172.0,3018.0,334.0,3
1700242746,2788.0,173.0,3018.0,334.0,3
1700242746,2790.0,174.0,3018.0,334.0,3
1700242746,2791.0,176.0,3018.0,334.0,3
1700242746,2794.0,178.0,3018.0,334.0,3
1700242746,2796.0,180.0,3018.0,334.0,3
1700242746,2798.0,182.0,3018.0,334.0,3
1700242746,2800.0,184.0,3018.0,334.0,3
1700242746,2801.0,185.0,3018.0,334.0,3
1700242746,2803.0,187.0,3018.0,334.0,3
1700242746,2804.0,188.0,3018.0,334.0,3
1700242746,2804.0,189.0,3018.0,334.0,3
1700242746,2804.0,190.0,3018.0,334.0,3
1700242746,2804.0,192.0,3018.0,334.0,3
1700242746,2803.0,194.0,3018.0,334.0,3
1700242746,2803.0,197.0,3018.0,334.0,3
1700242746,2803.0,199.0,3018.0,334.0,3
1700242746,2804.0,201.0,3018.0,334.0,3
1700242746,2804.0,202.0,3018.0,334.0,3
1700242746,2822.0,208.0,3018.0,334.0,3
1700242746,2881.0,230.0,3018.0,334.0,3
1700242746,2948.0,252.0,3018.0,334.0,3
1700242746,3000.0,268.0,3018.0,334.0,3
1700242746,3033.0,280.0,3018.0,334.0,3
1700242746,3056.0,288.0,3018.0,334.0,3
1700242746,3071.0,294.0,3018.0,334.0,3
1700242746,3081.0,298.0,3018.0,334.0,3
1700242746,3090.0,299.0,3018.0,334.0,3
1700242746,3094.0,301.0,3018.0,334.0,3
1700242746,3095.0,302.0,3018.0,334.0,3
1700242746,3097.0,302.0,3018.0,334.0,3
1700242746,3097.0,302.0,3018.0,334.0,3
1700242746,3098.0,303.0,3018.0,334.0,3
1700242746,3098.0,305.0,3018.0,334.0,3
1700242746,3098.0,306.0,3018.0,334.0,3
1700242746,3098.0,307.0,3018.0,334.0,3
1700242746,3098.0,309.0,3018.0,334.0,3
1700242746,3097.0,309.0,3018.0,334.0,3
1700242746,3093.0,310.0,3018.0,334.0,3
1700242746,3084.0,311.0,3018.0,334.0,3
1700242746,3071.0,313.0,3042.0,317.0,3
1700242746,3057.0,315.0,3076.0,301.0,3
1700242746,3044.0,317.0,3110.0,284.0,3
1700242746,3034.0,319.0,3127.0,273.0,3
1700242746,3025.0,321.0,3137.0,261.0,3
1700242746,3018.0,322.0,3141.0,256.0,3
1700242746,3012.0,322.0,3143.0,255.0,3
1700242746,3010.0,322.0,3143.0,255.0,3
1700242746,2816.0,299.0,2765.0,297.0,3
1700242746,2801.0,299.0,2739.0,292.0,3
1700242746,2782.0,299.0,2723.0,289.0,3
1700242746,2762.0,298.0,2703.0,288.0,3
1700242746,2744.0,297.0,2691.0,288.0,3
1700242746,2729.0,295.0,2683.0,288.0,3
1700242746,2716.0,295.0,2676.0,288.0,3
1700242746,2707.0,295.0,2667.0,286.0,3
1700242746,2701.0,296.0,2663.0,286.0,3
1700242746,2696.0,298.0,2662.0,285.0,3
1700242746,2694.0,300.0,2661.0,284.0,3
1700242746,2692.0,300.0,2660.0,283.0,3
1700242746,2683.0,300.0,2657.0,283.0,3
1700242746,2670.0,299.0,2655.0,283.0,3
1700242746,2660.0,298.0,2652.0,284.0,3
1700242746,2651.0,297.0,2651.0,285.0,3
1700242746,2644.0,296.0,2648.0,285.0,3
1700242746,2639.0,297.0,2647.0,285.0,3
1700242746,2634.0,300.0,2647.0,285.0,3
1700242746,2631.0,301.0,2647.0,285.0,3
1700242746,2630.0,302.0,2647.0,285.0,3
1700242746,2640.0,302.0,2664.0,282.0,3
1700242746,2648.0,302.0,2704.0,282.0,3
1700242746,2663.0,303.0,2759.0,284.0,3
1700242746,2681.0,302.0,2791.0,286.0,3
1700242746,2699.0,303.0,2813.0,286.0,3
1700242746,2715.0,303.0,2817.0,287.0,3
1700242746,2725.0,303.0,2817.0,287.0,3
1700242746,2733.0,303.0,2817.0,287.0,3
1700242746,2734.0,304.0,2817.0,287.0,3
1700242746,2736.0,304.0,2817.0,287.0,3
1700242746,2735.0,303.0,2801.0,287.0,3
1700242746,2736.0,302.0,2778.0,289.0,3
1700242746,2735.0,301.0,2766.0,291.0,3
1700242746,2735.0,301.0,2762.0,292.0,3
1700242746,2735.0,302.0,2762.0,292.0,3
1700242746,2733.0,302.0,2762.0,292.0,3
1700242746,2732.0,302.0,2761.0,292.0,3
1700242746,2730.0,302.0,2761.0,292.0,3
1700242746,2728.0,302.0,2761.0,292.0,3
1700242746,2726.0,302.0,2761.0,292.0,3
1700242746,2723.0,303.0,2761.0,292.0,3
1700242746,2721.0,302.0,2761.0,292.0,3
1700242746,2719.0,302.0,2761.0,292.0,3
1700242746,2717.0,308.0,2761.0,292.0,3
1700242746,2721.0,304.0,2761.0,292.0,3
1700242746,2721.0,304.0,2761.0,292.0,3
1700242746,2719.0,304.0,2761.0,292.0,3
1700242746,2718.0,304.0,2761.0,292.0,3
1700242746,2716.0,304.0,2761.0,292.0,3
1700242746,2715.0,305.0,2761.0,292.0,3
1700242746,2715.0,305.0,2761.0,292.0,3
1700242746,2711.0,305.0,2761.0,292.0,3
1700242746,2701.0,305.0,2753.0,295.0,3
1700242746,2688.0,304.0,2745.0,297.0,3
1700242746,2675.0,304.0,2733.0,300.0,3
1700242746,2665.0,303.0,2716.0,304.0,3
1700242746,2658.0,304.0,2706.0,305.0,3
1700242746,2653.0,306.0,2696.0,306.0,3
1700242746,2650.0,307.0,2684.0,308.0,3
1700242746,2647.0,308.0,2676.0,310.0,3
1700242746,2644.0,309.0,2671.0,311.0,3
1700242746,2643.0,310.0,2671.0,311.0,3
1700242746,2642.0,309.0,2671.0,311.0,3
1700242746,2634.0,310.0,2671.0,311.0,3
1700242746,2621.0,310.0,2671.0,311.0,3
1700242746,2609.0,312.0,2671.0,311.0,3
1700242746,2598.0,314.0,2671.0,311.0,3
1700242746,2590.0,314.0,2671.0,311.0,3
1700242746,2605.0,313.0,2671.0,311.0,3
1700242746,2633.0,313.0,2674.0,312.0,3
1700242746,2697.0,310.0,2714.0,317.0,3
1700242746,2763.0,306.0,2777.0,325.0,3
1700242746,2812.0,302.0,2822.0,325.0,3
1700242746,2847.0,300.0,2879.0,325.0,3
1700242746,2870.0,299.0,2929.0,325.0,3
1700242746,2885.0,299.0,2962.0,322.0,3
1700242746,2929.0,385.0,2972.0,321.0,3
1700242746,2685.0,326.0,2698.0,304.0,3
1700242746,2664.0,325.0,2631.0,319.0,3
1700242746,2618.0,322.0,2591.0,325.0,3
1700242746,2572.0,318.0,2577.0,327.0,3
1700242746,2535.0,315.0,2571.0,327.0,3
1700242746,2511.0,317.0,2571.0,327.0,3
1700242746,2494.0,320.0,2570.0,327.0,3
1700242746,2482.0,323.0,2570.0,327.0,3
1700242746,2475.0,324.0,2570.0,327.0,3
1700242746,2468.0,324.0,2570.0,327.0,3
1700242746,2463.0,324.0,2570.0,327.0,3
1700242746,2459.0,322.0,2582.0,326.0,3
1700242746,2454.0,322.0,2606.0,326.0,3
1700242746,2449.0,322.0,2623.0,326.0,3
1700242746,2446.0,322.0,2629.0,326.0,3
1700242746,2444.0,323.0,2634.0,327.0,3
1700242746,2441.0,323.0,2638.0,327.0,3
1700242746,2439.0,323.0,2642.0,329.0,3
1700242746,2438.0,321.0,2648.0,330.0,3
1700242746,2439.0,321.0,2648.0,330.0,3
1700242746,2440.0,320.0,2651.0,330.0,3
1700242746,2441.0,318.0,2653.0,330.0,3
1700242746,2442.0,317.0,2654.0,330.0,3
1700242746,2442.0,317.0,2655.0,329.0,3
1700242746,2443.0,316.0,2655.0,329.0,3
1700242746,2443.0,316.0,2655.0,329.0,3
1700242746,2443.0,315.0,2651.0,327.0,3
1700242746,2444.0,315.0,2625.0,324.0,3
1700242746,2444.0,315.0,2600.0,319.0,3
1700242746,2445.0,315.0,2576.0,317.0,3
1700242746,2446.0,315.0,2572.0,316.0,3
1700242746,2447.0,316.0,2572.0,316.0,3
1700242746,2449.0,316.0,2572.0,316.0,3
1700242746,2450.0,316.0,2571.0,315.0,3
1700242746,2450.0,317.0,2579.0,312.0,3
1700242746,2454.0,318.0,2624.0,312.0,3
1700242746,2480.0,319.0,2688.0,320.0,3
1700242746,2517.0,317.0,2738.0,326.0,3
1700242746,2553.0,317.0,2807.0,329.0,3
1700242746,2581.0,320.0,2865.0,330.0,3
1700242746,2604.0,324.0,2898.0,330.0,3
1700242746,2620.0,328.0,2906.0,328.0,3
1700242746,2632.0,331.0,2913.0,324.0,3
1700242746,2639.0,332.0,2916.0,322.0,3
1700242746,2646.0,333.0,2919.0,321.0,3
1700242746,2649.0,331.0,2919.0,321.0,3
1700242746,2652.0,329.0,2924.0,321.0,3
1700242746,2653.0,327.0,2931.0,321.0,3
1700242746,2655.0,326.0,2941.0,319.0,3
1700242746,2656.0,325.0,2958.0,319.0,3
1700242746,2673.0,325.0,2982.0,319.0,3
1700242746,2721.0,325.0,3016.0,319.0,3
1700242746,2771.0,325.0,3042.0,319.0,3
1700242746,2854.0,326.0,3058.0,319.0,3
1700242746,2928.0,324.0,3071.0,325.0,3
1700242746,2980.0,322.0,3077.0,330.0,3
1700242746,3012.0,321.0,3077.0,341.0,3
1700242746,3032.0,321.0,3074.0,354.0,3
1700242746,3044.0,321.0,3069.0,361.0,3
1700242746,3049.0,322.0,3069.0,361.0,3
1700242746,3053.0,323.0,3068.0,361.0,3
1700242746,3056.0,324.0,3067.0,361.0,3
1700242746,3052.0,324.0,3067.0,361.0,3
1700242746,3047.0,324.0,3067.0,361.0,3
1700242746,3045.0,324.0,3067.0,361.0,3
1700242746,3044.0,324.0,3067.0,361.0,3
1700242746,3043.0,324.0,3067.0,361.0,3
1700242746,3042.0,324.0,3068.0,353.0,3
1700242746,3041.0,324.0,3072.0,347.0,3
1700242746,3041.0,324.0,3078.0,339.0,3
1700242746,3040.0,324.0,3084.0,332.0,3
1700242746,3039.0,324.0,3086.0,328.0,3
1700242746,3040.0,324.0,3087.0,327.0,3
1700242746,3043.0,325.0,3087.0,327.0,3
1700242746,3046.0,325.0,3087.0,327.0,3
1700242746,3049.0,326.0,3087.0,327.0,3
1700242746,3052.0,325.0,3087.0,328.0,3
1700242746,3065.0,334.0,3081.0,332.0,3
1700242746,2880.0,315.0,2751.0,276.0,3
1700242746,2869.0,315.0,2751.0,276.0,3
1700242746,2851.0,313.0,2728.0,279.0,3
1700242746,2831.0,312.0,2707.0,279.0,3
1700242746,2807.0,309.0,2703.0,279.0,3
1700242746,2785.0,306.0,2703.0,279.0,3
1700242746,2767.0,304.0,2703.0,279.0,3
1700242746,2752.0,303.0,2703.0,279.0,3
1700242746,2741.0,304.0,2703.0,279.0,0
1700242746,2733.0,303.0,2703.0,279.0,0
1700242746,2728.0,303.0,2703.0,279.0,0
1700242746,2724.0,301.0,2703.0,279.0,3
1700242746,2720.0,301.0,2703.0,279.0,3
1700242746,2718.0,300.0,2703.0,279.0,0
1700242746,2715.0,300.0,2703.0,279.0,0
1700242746,2714.0,299.0,2703.0,279.0,0
1700242746,2713.0,299.0,2703.0,279.0,3
1700242746,2712.0,299.0,2703.0,279.0,3
1700242746,2712.0,299.0,2685.0,284.0,3
1700242746,2712.0,299.0,2643.0,286.0,3
1700242746,2704.0,299.0,2603.0,284.0,3
1700242746,2693.0,299.0,2596.0,282.0,3
1700242746,2681.0,299.0,2596.0,282.0,3
1700242746,2671.0,300.0,2596.0,282.0,3
1700242746,2663.0,301.0,2596.0,282.0,0
1700242746,2654.0,300.0,2596.0,282.0,0
1700242746,2647.0,299.0,2596.0,282.0,0
1700242746,2641.0,298.0,2596.0,282.0,3
1700242746,2635.0,298.0,2596.0,282.0,3
1700242746,2631.0,297.0,2596.0,282.0,0
1700242746,2628.0,297.0,2596.0,282.0,0
1700242746,2625.0,297.0,2596.0,282.0,0
1700242746,2623.0,297.0,2596.0,282.0,3
1700242746,2622.0,296.0,2596.0,282.0,3
1700242746,2620.0,296.0,2608.0,284.0,3
1700242746,2619.0,295.0,2640.0,287.0,3
1700242746,2618.0,295.0,2691.0,290.0,3
1700242746,2612.0,295.0,2719.0,290.0,3
1700242746,2601.0,295.0,2727.0,289.0,3
1700242746,2590.0,296.0,2728.0,289.0,3
1700242746,2580.0,296.0,2728.0,289.0,0
1700242746,2572.0,296.0,2729.0,288.0,0
1700242746,2565.0,295.0,2729.0,288.0,0
1700242746,2559.0,293.0,2729.0,288.0,0
1700242746,2556.0,291.0,2729.0,288.0,3
1700242746,2591.0,311.0,2729.0,288.0,3
1700242746,2600.0,287.0,2769.0,286.0,3
1700242746,2578.0,297.0,2772.0,286.0,3
1700242746,2580.0,295.0,2778.0,286.0,3
1700242746,2582.0,294.0,2786.0,289.0,3
1700242746,2583.0,293.0,2801.0,291.0,3
1700242746,2584.0,292.0,2819.0,294.0,3
1700242746,2584.0,292.0,2842.0,297.0,3
1700242746,2595.0,292.0,2853.0,297.0,3
1700242746,2621.0,293.0,2861.0,299.0,3
1700242746,2648.0,292.0,2863.0,300.0,3
1700242746,2673.0,291.0,2869.0,304.0,3
1700242746,2694.0,289.0,2872.0,306.0,3
1700242746,2709.0,287.0,2874.0,307.0,3
1700242746,2720.0,286.0,2874.0,307.0,3
1700242746,2747.0,291.0,2874.0,307.0,3
1700242746,2755.0,155.0,2799.0,228.0,3
1700242746,2755.0,150.0,2799.0,228.0,3
1700242746,2753.0,141.0,2790.0,226.0,3
1700242746,2751.0,133.0,2772.0,221.0,3
1700242746,2739.0,124.0,2761.0,207.0,3
1700242746,2724.0,114.0,2746.0,172.0,3
1700242746,2712.0,106.0,2725.0,135.0,3
1700242746,2701.0,100.0,2706.0,103.0,3
1700242746,2694.0,94.0,2695.0,84.0,3
1700242746,2687.0,90.0,2695.0,80.0,3
1700242746,2682.0,87.0,2697.0,77.0,3
1700242746,2678.0,84.0,2697.0,77.0,3
1700242746,2675.0,82.0,2697.0,75.0,3
1700242746,2673.0,79.0,2696.0,72.0,3
1700242746,2670.0,77.0,2695.0,69.0,3
1700242746,2669.0,76.0,2692.0,66.0,3
1700242746,2666.0,76.0,2687.0,60.0,3
1700242746,2668.0,84.0,2682.0,53.0,3
1700242746,2676.0,113.0,2681.0,52.0,3
1700242746,2688.0,153.0,2681.0,52.0,3
1700242746,2700.0,190.0,2681.0,52.0,3
1700242746,2709.0,216.0,2681.0,52.0,3
1700242746,2714.0,235.0,2681.0,52.0,3
1700242746,2717.0,247.0,2681.0,52.0,3
1700242746,2719.0,255.0,2681.0,52.0,3
1700242746,2720.0,259.0,2681.0,52.0,3
1700242746,2721.0,265.0,2681.0,52.0,3
1700242746,2723.0,270.0,2681.0,52.0,3
1700242746,2737.0,276.0,2681.0,52.0,3
1700242746,2747.0,279.0,2681.0,52.0,3
1700242746,2754.0,280.0,2681.0,52.0,3
1700242746,2759.0,281.0,2681.0,52.0,3
1700242746,2763.0,285.0,2681.0,52.0,3
1700242746,2766.0,287.0,2681.0,52.0,3
1700242746,2769.0,288.0,2681.0,52.0,3
1700242746,2767.0,290.0,2681.0,52.0,3
1700242746,2763.0,291.0,2681.0,52.0,3
1700242746,2761.0,292.0,2681.0,52.0,3
1700242746,2759.0,293.0,2681.0,52.0,3
1700242746,2759.0,293.0,2681.0,52.0,3
1700242746,2758.0,293.0,2681.0,52.0,3
1700242746,2757.0,293.0,2681.0,52.0,3
1700242746,2757.0,293.0,2681.0,52.0,3
1700242746,2756.0,292.0,2681.0,52.0,3
1700242746,2756.0,292.0,2681.0,52.0,3
1700242746,2755.0,292.0,2680.0,61.0,3
1700242746,2755.0,292.0,2694.0,159.0,3
1700242746,2756.0,292.0,2734.0,269.0,3
1700242746,2757.0,291.0,2780.0,335.0,3
1700242746,2758.0,291.0,2800.0,361.0,3
1700242746,2759.0,290.0,2803.0,366.0,3
1700242746,2760.0,290.0,2804.0,367.0,3
1700242746,2761.0,290.0,2804.0,367.0,3
1700242746,2762.0,290.0,2804.0,367.0,3
1700242746,2764.0,290.0,2804.0,367.0,3
1700242746,2765.0,291.0,2804.0,367.0,3
1700242746,2766.0,286.0,2804.0,367.0,3
1700242746,2768.0,274.0,2804.0,367.0,3
1700242746,2771.0,259.0,2804.0,367.0,3
1700242746,2773.0,246.0,2804.0,367.0,3
1700242746,2776.0,235.0,2804.0,367.0,3
1700242746,2777.0,227.0,2804.0,367.0,3
1700242746,2778.0,225.0,2804.0,367.0,3
1700242746,2778.0,222.0,2804.0,367.0,3
1700242746,2777.0,220.0,2804.0,367.0,3
1700242746,2779.0,219.0,2804.0,367.0,3
1700242746,2780.0,217.0,2804.0,367.0,3
1700242746,2780.0,215.0,2804.0,367.0,3
1700242746,2782.0,212.0,2804.0,367.0,3
1700242746,2784.0,205.0,2804.0,367.0,3
1700242746,2784.0,198.0,2804.0,367.0,3
1700242746,2785.0,191.0,2804.0,367.0,3
1700242746,2786.0,185.0,2804.0,367.0,3
1700242746,2787.0,181.0,2804.0,367.0,3
1700242746,2786.0,177.0,2804.0,367.0,3
1700242746,2785.0,174.0,2804.0,367.0,3
1700242746,2784.0,172.0,2804.0,367.0,3
1700242746,2785.0,170.0,2804.0,367.0,3
1700242746,2785.0,169.0,2804.0,367.0,3
1700242746,2785.0,168.0,2804.0,367.0,3
1700242746,2785.0,167.0,2804.0,367.0,3
1700242746,2786.0,166.0,2804.0,367.0,3
1700242746,2786.0,165.0,2804.0,367.0,3
1700242746,2775.0,160.0,2786.0,349.0,3
1700242746,2753.0,148.0,2776.0,299.0,3
1700242746,2732.0,136.0,2760.0,194.0,3
1700242746,2713.0,126.0,2732.0,121.0,3
1700242746,2698.0,118.0,2711.0,83.0,3
1700242746,2687.0,112.0,2695.0,65.0,3
1700242746,2680.0,107.0,2690.0,62.0,3
1700242746,2674.0,104.0,2686.0,62.0,3
1700242746,2670.0,101.0,2670.0,62.0,3
1700242746,2667.0,100.0,2666.0,61.0,3
1700242746,2665.0,98.0,2666.0,61.0,3
1700242746,2663.0,98.0,2666.0,61.0,3
1700242746,2662.0,97.0,2666.0,61.0,3
1700242746,2661.0,97.0,2666.0,61.0,3
1700242746,2660.0,96.0,2666.0,61.0,3
1700242746,2662.0,95.0,2666.0,61.0,3
1700242746,2664.0,94.0,2665.0,60.0,0
1700242746,2666.0,93.0,2665.0,60.0,0
1700242746,2668.0,93.0,2665.0,60.0,3
1700242746,2670.0,92.0,2665.0,60.0,3
1700242746,2671.0,92.0,2665.0,60.0,3
1700242746,2672.0,92.0,2665.0,60.0,3
1700242746,2673.0,92.0,2665.0,60.0,3
1700242746,2674.0,91.0,2665.0,60.0,3
1700242746,2675.0,92.0,2663.0,59.0,3
1700242746,2676.0,92.0,2652.0,60.0,3
1700242746,2676.0,92.0,2631.0,60.0,3
1700242746,2672.0,91.0,2602.0,59.0,3
1700242746,2658.0,90.0,2577.0,56.0,3
1700242746,2637.0,90.0,2561.0,52.0,3
1700242746,2616.0,88.0,2550.0,48.0,3
1700242746,2597.0,88.0,2545.0,47.0,3
1700242746,2580.0,86.0,2541.0,47.0,3
1700242746,2568.0,86.0,2538.0,47.0,3
1700242746,2556.0,84.0,2536.0,47.0,3
1700242746,2548.0,84.0,2533.0,47.0,3
1700242746,2542.0,82.0,2531.0,49.0,3
1700242746,2538.0,83.0,2531.0,49.0,3
1700242746,2535.0,83.0,2531.0,49.0,3
1700242746,2533.0,84.0,2531.0,49.0,0
1700242746,2531.0,84.0,2531.0,49.0,0
1700242746,2530.0,84.0,2531.0,49.0,0
1700242746,2529.0,85.0,2531.0,49.0,3
1700242746,2528.0,85.0,2531.0,49.0,3
1700242746,2527.0,86.0,2531.0,49.0,3
1700242746,2527.0,86.0,2533.0,49.0,3
1700242746,2526.0,88.0,2546.0,57.0,3
1700242746,2526.0,89.0,2580.0,87.0,3
1700242746,2526.0,90.0,2642.0,162.0,3
1700242746,2537.0,99.0,2713.0,272.0,3
1700242746,2592.0,184.0,2764.0,349.0,3
1700242746,2663.0,318.0,2813.0,411.0,3
1700242746,2709.0,403.0,2826.0,429.0,3
1700242746,2735.0,447.0,2837.0,445.0,3
1700242746,2750.0,471.0,2857.0,462.0,3
1700242746,2732.0,492.0,2868.0,470.0,3
1700242746,2618.0,456.0,2700.0,466.0,3
1700242746,2627.0,455.0,2848.0,456.0,3
1700242746,2676.0,452.0,2948.0,441.0,3
1700242746,2744.0,446.0,2966.0,439.0,3
1700242746,2802.0,441.0,2966.0,439.0,3
1700242746,2845.0,434.0,2966.0,439.0,0
1700242746,2872.0,429.0,2966.0,439.0,0
1700242746,2890.0,423.0,2966.0,439.0,0
1700242746,2901.0,418.0,2966.0,439.0,3
1700242746,2910.0,412.0,2966.0,439.0,3
1700242746,2916.0,409.0,2966.0,439.0,3
1700242746,2049.0,-192.0,2995.0,461.0,0
1700242746,3164.0,406.0,3104.0,461.0,3
1700242746,3172.0,406.0,3164.0,459.0,3
1700242746,3183.0,407.0,3183.0,459.0,3
1700242746,3195.0,409.0,3183.0,459.0,3
1700242746,3205.0,410.0,3183.0,459.0,3
1700242746,3212.0,411.0,3183.0,459.0,0
1700242746,3217.0,413.0,3183.0,459.0,0
1700242746,3221.0,415.0,3183.0,459.0,0
1700242746,3223.0,417.0,3183.0,459.0,0
1700242746,3223.0,420.0,3183.0,459.0,3
1700242746,3221.0,422.0,3183.0,459.0,3
1700242746,3220.0,424.0,3183.0,459.0,0
1700242746,3219.0,426.0,3183.0,459.0,0
1700242746,3219.0,428.0,3183.0,459.0,0
1700242746,3218.0,430.0,3183.0,459.0,3
1700242746,3217.0,432.0,3183.0,459.0,3
1700242746,3212.0,434.0,3183.0,459.0,3
1700242746,3203.0,435.0,3187.0,459.0,3
1700242746,3195.0,436.0,3202.0,461.0,3
1700242746,3186.0,437.0,3222.0,464.0,3
1700242746,3180.0,438.0,3231.0,465.0,3
1700242746,3174.0,440.0,3232.0,465.0,3
1700242746,3170.0,440.0,3232.0,465.0,3
1700242746,3167.0,440.0,3232.0,465.0,3
1700242746,3153.0,440.0,3232.0,465.0,3
1700242746,3083.0,443.0,3215.0,467.0,3
1700242746,2962.0,450.0,3140.0,472.0,3
1700242746,2872.0,456.0,3012.0,472.0,3
1700242746,2815.0,457.0,2931.0,472.0,3
1700242746,2782.0,458.0,2913.0,474.0,3
1700242746,2763.0,457.0,2906.0,475.0,3
1700242746,2751.0,461.0,2882.0,476.0,3
1700242746,2744.0,461.0,2853.0,476.0,3
1700242746,2741.0,463.0,2840.0,476.0,3
1700242746,2739.0,465.0,2832.0,476.0,3
1700242746,2737.0,465.0,2821.0,476.0,3
1700242746,2735.0,466.0,2807.0,473.0,3
1700242746,2735.0,466.0,2797.0,472.0,3
1700242746,2734.0,468.0,2795.0,472.0,3
1700242746,2740.0,468.0,2795.0,472.0,3
1700242746,2744.0,468.0,2795.0,472.0,3
1700242746,2746.0,468.0,2795.0,472.0,3
1700242746,2750.0,468.0,2795.0,472.0,3
1700242746,2755.0,467.0,2795.0,472.0,3
1700242746,2760.0,468.0,2795.0,472.0,0
1700242746,2765.0,467.0,2795.0,472.0,0
1700242746,2770.0,466.0,2795.0,472.0,0
1700242746,2774.0,465.0,2795.0,472.0,3
1700242746,2778.0,465.0,2795.0,472.0,3
1700242746,2781.0,465.0,2795.0,472.0,0
1700242746,2783.0,464.0,2795.0,472.0,0
1700242746,2785.0,464.0,2795.0,472.0,0
1700242746,2787.0,464.0,2795.0,472.0,3
1700242746,2788.0,464.0,2795.0,472.0,3
1700242746,2789.0,464.0,2795.0,470.0,3
1700242746,2790.0,463.0,2824.0,463.0,3
1700242746,2788.0,463.0,2862.0,458.0,3
1700242746,2780.0,463.0,2909.0,452.0,3
1700242746,2762.0,461.0,2933.0,441.0,3
1700242746,2740.0,462.0,2942.0,433.0,3
1700242746,2719.0,461.0,2945.0,429.0,3
1700242746,2701.0,462.0,2945.0,429.0,3
1700242746,2688.0,463.0,2945.0,428.0,3
1700242746,2677.0,463.0,2942.0,427.0,3
1700242746,2670.0,462.0,2923.0,427.0,3
1700242746,2665.0,462.0,2908.0,430.0,3
1700242746,2653.0,462.0,2891.0,432.0,3
1700242746,2642.0,462.0,2888.0,432.0,3
1700242746,2633.0,462.0,2888.0,432.0,3
1700242746,2626.0,463.0,2888.0,432.0,3
1700242746,2620.0,463.0,2887.0,429.0,3
1700242746,2616.0,463.0,2886.0,420.0,3
1700242746,2618.0,454.0,2889.0,412.0,3
1700242746,2635.0,385.0,2894.0,409.0,3
1700242746,2662.0,268.0,2894.0,409.0,3
1700242746,2680.0,186.0,2891.0,427.0,3
1700242746,2695.0,136.0,2895.0,435.0,3
1700242746,2699.0,114.0,2897.0,445.0,3
1700242746,2701.0,105.0,2896.0,443.0,3
1700242746,2703.0,102.0,2895.0,384.0,3
1700242746,2704.0,100.0,2869.0,311.0,3
1700242746,2706.0,97.0,2830.0,241.0,3
1700242746,2706.0,97.0,2819.0,198.0,3
1700242746,2706.0,97.0,2820.0,175.0,3
1700242746,2706.0,98.0,2822.0,144.0,3
1700242746,2706.0,99.0,2800.0,116.0,3
1700242746,2706.0,99.0,2779.0,101.0,3
1700242746,2711.0,100.0,2774.0,97.0,3
1700242746,2718.0,101.0,2771.0,94.0,3
1700242746,2724.0,103.0,2771.0,92.0,3
1700242746,2731.0,104.0,2772.0,84.0,3
1700242746,2737.0,106.0,2779.0,78.0,3
1700242746,2742.0,107.0,2785.0,74.0,3
1700242746,2747.0,108.0,2793.0,69.0,3
1700242746,2751.0,109.0,2795.0,67.0,3
1700242746,2755.0,111.0,2796.0,66.0,3
1700242746,2758.0,112.0,2796.0,66.0,3
1700242746,2761.0,113.0,2796.0,66.0,3
1700242746,2763.0,116.0,2798.0,64.0,3
1700242746,2767.0,247.0,2749.0,304.0,3
1700242746,2768.0,263.0,2749.0,304.0,3
1700242746,2768.0,285.0,2749.0,304.0,3
1700242746,2712.0,279.0,3079.0,188.0,3
1700242746,2711.0,279.0,3071.0,187.0,3
1700242746,2713.0,281.0,3051.0,189.0,3
1700242746,2717.0,281.0,3035.0,195.0,3
1700242746,2722.0,280.0,3020.0,201.0,3
1700242746,2728.0,279.0,3001.0,205.0,3
1700242746,2733.0,278.0,2980.0,206.0,3
1700242746,2738.0,277.0,2932.0,212.0,3
1700242746,2743.0,276.0,2877.0,221.0,3
1700242746,2747.0,274.0,2850.0,225.0,3
1700242746,2752.0,272.0,2832.0,227.0,3
1700242746,2756.0,271.0,2820.0,227.0,3
1700242746,2759.0,269.0,2807.0,225.0,3
1700242746,2761.0,267.0,2798.0,222.0,3
1700242746,2763.0,266.0,2795.0,218.0,3
1700242746,2765.0,264.0,2794.0,217.0,3
1700242746,2767.0,262.0,2794.0,217.0,3
1700242746,2768.0,261.0,2794.0,215.0,3
1700242746,2768.0,260.0,2794.0,214.0,3
1700242746,2764.0,258.0,2799.0,210.0,3
1700242746,2755.0,257.0,2813.0,204.0,3
1700242746,2748.0,256.0,2836.0,199.0,3
1700242746,2740.0,254.0,2852.0,197.0,3
1700242746,2732.0,253.0,2866.0,196.0,3
1700242746,2725.0,252.0,2868.0,194.0,3
1700242746,2718.0,251.0,2868.0,194.0,3
1700242746,2712.0,251.0,2868.0,194.0,3
1700242746,2708.0,252.0,2868.0,194.0,3
1700242746,2709.0,252.0,2868.0,194.0,3
1700242746,2710.0,251.0,2865.0,195.0,3
1700242746,2711.0,250.0,2862.0,194.0,3
1700242746,2713.0,248.0,2861.0,193.0,3
1700242746,2713.0,248.0,2858.0,193.0,3
1700242746,2714.0,248.0,2856.0,192.0,3
1700242746,2715.0,248.0,2853.0,192.0,3
1700242746,2715.0,247.0,2849.0,196.0,3
1700242746,2718.0,246.0,2847.0,200.0,3
1700242746,2723.0,245.0,2847.0,200.0,3
1700242746,2728.0,243.0,2847.0,200.0,3
1700242746,2734.0,241.0,2847.0,200.0,3
1700242746,2739.0,240.0,2846.0,201.0,3
1700242746,2744.0,240.0,2846.0,201.0,3
1700242746,2749.0,238.0,2846.0,201.0,3
1700242746,2753.0,236.0,2846.0,201.0,3
1700242746,2756.0,235.0,2846.0,201.0,3
1700242746,2759.0,234.0,2846.0,201.0,3
1700242746,2761.0,233.0,2846.0,201.0,0
1700242746,2763.0,233.0,2846.0,201.0,0
1700242746,2765.0,232.0,2846.0,201.0,0
1700242746,2766.0,231.0,2845.0,202.0,0
1700242746,2766.0,231.0,2791.0,202.0,0
1700242746,2767.0,231.0,2702.0,193.0,0
1700242746,2767.0,231.0,2633.0,187.0,0
1700242746,2768.0,230.0,2597.0,179.0,0
1700242746,2768.0,230.0,2572.0,172.0,0
1700242746,2769.0,230.0,2536.0,162.0,0
1700242746,2769.0,230.0,2498.0,151.0,0
1700242746,2770.0,230.0,2467.0,146.0,0
1700242746,2770.0,230.0,2455.0,144.0,0
1700242746,2770.0,231.0,2447.0,144.0,0
1700242746,2768.0,230.0,2439.0,143.0,0
1700242746,2753.0,225.0,2431.0,142.0,0
1700242746,2728.0,217.0,2426.0,142.0,0
1700242746,2701.0,207.0,2418.0,141.0,0
1700242746,2679.0,198.0,2409.0,139.0,0
1700242746,2660.0,192.0,2400.0,138.0,0
1700242746,2647.0,190.0,2397.0,137.0,0
1700242746,2709.0,173.0,2769.0,165.0,3
1700242746,2711.0,173.0,2804.0,192.0,3
1700242746,2712.0,172.0,2854.0,217.0,3
1700242746,2714.0,172.0,2882.0,232.0,3
1700242746,2717.0,171.0,2888.0,235.0,3
1700242746,2719.0,170.0,2888.0,235.0,3
1700242746,2722.0,170.0,2888.0,235.0,0
1700242746,2726.0,190.0,2888.0,235.0,0
1700242746,2736.0,242.0,2888.0,235.0,3
1700242746,2750.0,298.0,2888.0,235.0,3
1700242746,2759.0,340.0,2889.0,238.0,3
1700242746,2763.0,364.0,2878.0,280.0,3
1700242746,2767.0,381.0,2866.0,337.0,3
1700242746,2771.0,390.0,2859.0,374.0,3
1700242746,2775.0,395.0,2842.0,411.0,3
1700242746,2774.0,398.0,2827.0,433.0,3
1700242746,2776.0,402.0,2820.0,442.0,3
1700242746,2781.0,407.0,2819.0,444.0,3
1700242746,2784.0,411.0,2817.0,446.0,3
1700242746,2787.0,412.0,2815.0,446.0,3
1700242746,2788.0,413.0,2809.0,433.0,3
1700242746,2787.0,404.0,2801.0,363.0,3
1700242746,2783.0,367.0,2788.0,301.0,3
1700242746,2776.0,303.0,2759.0,240.0,3
1700242746,2767.0,250.0,2744.0,212.0,3
1700242746,2761.0,218.0,2742.0,202.0,3
1700242746,2758.0,199.0,2742.0,197.0,3
1700242746,2756.0,186.0,2739.0,191.0,3
1700242746,2756.0,176.0,2731.0,184.0,3
1700242746,2755.0,171.0,2730.0,180.0,3
1700242746,2747.0,172.0,2730.0,170.0,3
1700242746,2740.0,172.0,2733.0,164.0,3
1700242746,2737.0,172.0,2733.0,163.0,3
1700242746,2734.0,173.0,2734.0,160.0,3
1700242746,2732.0,173.0,2738.0,153.0,3
1700242746,2731.0,174.0,2739.0,150.0,3
1700242746,2729.0,174.0,2739.0,148.0,3
1700242746,2728.0,175.0,2739.0,147.0,3
1700242746,2727.0,175.0,2739.0,145.0,3
1700242746,2727.0,175.0,2739.0,145.0,3
1700242746,2726.0,175.0,2739.0,145.0,3
1700242746,2725.0,175.0,2739.0,145.0,3
1700242746,2724.0,175.0,2739.0,145.0,3
1700242746,2724.0,176.0,2740.0,143.0,3
1700242746,2723.0,176.0,2746.0,139.0,3
1700242746,2723.0,176.0,2751.0,137.0,3
1700242746,2722.0,177.0,2751.0,137.0,3
1700242746,2722.0,177.0,2751.0,137.0,3
1700242746,2722.0,178.0,2751.0,137.0,0
1700242746,2721.0,179.0,2751.0,137.0,0
1700242746,2721.0,180.0,2751.0,137.0,0
1700242746,2720.0,181.0,2751.0,137.0,3
1700242746,2719.0,181.0,2751.0,137.0,3
1700242746,2718.0,181.0,2751.0,137.0,0
1700242746,2718.0,181.0,2751.0,137.0,0
1700242746,2718.0,182.0,2751.0,137.0,0
1700242746,2718.0,181.0,2751.0,137.0,3
1700242746,2718.0,182.0,2751.0,137.0,3
1700242746,2718.0,182.0,2751.0,137.0,3
1700242746,2718.0,182.0,2753.0,139.0,3
1700242746,2718.0,182.0,2775.0,186.0,3
1700242746,2718.0,183.0,2822.0,256.0,3
1700242746,2721.0,191.0,2855.0,316.0,3
1700242746,2728.0,274.0,2886.0,381.0,3
1700242746,2739.0,380.0,2902.0,411.0,3
1700242746,2748.0,444.0,2903.0,418.0,3
1700242746,2746.0,484.0,2904.0,419.0,3
1700242746,2748.0,504.0,2904.0,419.0,3
1700242746,2749.0,516.0,2904.0,419.0,3
1700242746,2751.0,523.0,2904.0,419.0,3
1700242746,2758.0,530.0,2904.0,419.0,3
1700242746,2767.0,533.0,2904.0,419.0,3
1700242746,2774.0,535.0,2904.0,419.0,3
1700242746,2779.0,537.0,2904.0,419.0,3
1700242746,2782.0,537.0,2904.0,419.0,3
1700242746,2784.0,536.0,2904.0,419.0,3
1700242746,2786.0,535.0,2904.0,419.0,3
1700242746,2788.0,534.0,2904.0,419.0,3
1700242746,2788.0,532.0,2904.0,419.0,3
1700242746,2788.0,531.0,2904.0,419.0,3
1700242746,2789.0,531.0,2904.0,419.0,3
1700242746,2790.0,530.0,2904.0,419.0,3
1700242746,2790.0,530.0,2904.0,419.0,3
1700242746,2791.0,530.0,2904.0,419.0,3
1700242746,2791.0,530.0,2904.0,419.0,3
1700242746,2792.0,529.0,2904.0,419.0,3
1700242746,2793.0,527.0,2904.0,419.0,3
1700242746,2793.0,525.0,2904.0,419.0,3
1700242746,2794.0,523.0,2904.0,419.0,3
1700242746,2795.0,522.0,2904.0,419.0,3
1700242746,2795.0,521.0,2904.0,419.0,3
1700242746,2796.0,521.0,2904.0,419.0,3
1700242746,2795.0,520.0,2904.0,419.0,3
1700242746,2794.0,518.0,2904.0,419.0,3
1700242746,2794.0,517.0,2904.0,419.0,3
1700242746,2793.0,516.0,2904.0,419.0,3
1700242746,2792.0,514.0,2904.0,419.0,3
1700242746,2792.0,514.0,2904.0,419.0,3
1700242746,2791.0,512.0,2904.0,419.0,3
1700242746,2791.0,511.0,2904.0,419.0,3
1700242746,2790.0,510.0,2904.0,419.0,3
1700242746,2790.0,510.0,2904.0,419.0,3
1700242746,2789.0,509.0,2904.0,419.0,3
1700242746,2790.0,508.0,2904.0,419.0,3
1700242746,2790.0,507.0,2904.0,419.0,3
1700242746,2790.0,506.0,2904.0,419.0,3
1700242746,2790.0,505.0,2904.0,419.0,3
1700242746,2936.0,527.0,2769.0,495.0,3
1700242746,2935.0,527.0,2767.0,500.0,3
1700242746,2917.0,543.0,2767.0,501.0,3
1700242746,2922.0,553.0,2767.0,501.0,3
1700242746,2924.0,604.0,2767.0,501.0,3
1700242746,2904.0,634.0,2767.0,501.0,3
1700242746,2885.0,632.0,2767.0,501.0,3
1700242746,2892.0,644.0,2767.0,501.0,3
1700242746,2777.0,663.0,2752.0,494.0,3
1700242746,2779.0,662.0,2756.0,459.0,3
1700242746,2772.0,652.0,2855.0,304.0,3
1700242746,2803.0,618.0,2845.0,296.0,3
1700242746,2797.0,565.0,2845.0,296.0,3
1700242746,2882.0,458.0,2845.0,296.0,3
1700242746,2903.0,416.0,2845.0,296.0,3
1700242746,2826.0,483.0,2845.0,296.0,3
1700242746,2869.0,472.0,2845.0,296.0,3
1700242746,2913.0,456.0,2845.0,296.0,3
1700242746,2970.0,422.0,2845.0,296.0,3
1700242746,2945.0,495.0,2845.0,296.0,3
1700242746,2977.0,412.0,2845.0,296.0,3
1700242746,2912.0,486.0,2845.0,296.0,3
1700242746,2874.0,479.0,2845.0,296.0,3
1700242746,2905.0,464.0,2845.0,296.0,3
1700242746,2925.0,450.0,2845.0,296.0,3
1700242746,2929.0,441.0,2845.0,296.0,3
1700242746,2954.0,433.0,2845.0,296.0,3
1700242746,2950.0,427.0,2845.0,296.0,3
1700242746,2944.0,421.0,2845.0,296.0,3
1700242746,2939.0,418.0,2845.0,296.0,3
1700242746,2937.0,415.0,2845.0,296.0,3
1700242746,2876.0,484.0,2845.0,296.0,3
1700242746,2795.0,469.0,2845.0,296.0,3
1700242746,2645.0,545.0,2845.0,296.0,3
1700242746,2663.0,625.0,2845.0,296.0,3
1700242746,2778.0,561.0,2845.0,296.0,3
1700242746,2634.0,651.0,2845.0,296.0,3
1700242746,2480.0,702.0,2845.0,296.0,3
1700242746,2581.0,679.0,2845.0,296.0,3
1700242746,2595.0,663.0,2845.0,293.0,3
1700242746,2586.0,666.0,2846.0,289.0,3
1700242746,2555.0,658.0,2848.0,287.0,3
1700242746,2545.0,663.0,2848.0,285.0,3
1700242746,2542.0,666.0,2849.0,284.0,3
1700242746,2534.0,665.0,2849.0,284.0,3
1700242746,2528.0,655.0,2849.0,284.0,3
1700242746,2535.0,551.0,2850.0,283.0,3
1700242746,2623.0,375.0,2850.0,283.0,3
1700242746,2682.0,244.0,2850.0,283.0,3
1700242746,2674.0,186.0,2850.0,283.0,3
1700242746,2671.0,159.0,2850.0,283.0,3
1700242746,2667.0,145.0,2850.0,283.0,3
1700242746,2663.0,134.0,2850.0,283.0,3
1700242746,2663.0,128.0,2850.0,283.0,3
1700242746,2663.0,127.0,2850.0,283.0,3
1700242746,2666.0,124.0,2850.0,283.0,3
1700242746,2665.0,124.0,2850.0,283.0,3
1700242746,2664.0,121.0,2850.0,283.0,3
1700242746,2662.0,121.0,2850.0,283.0,3
1700242746,2660.0,121.0,2850.0,283.0,3
1700242746,2660.0,121.0,2850.0,283.0,3
1700242746,2661.0,121.0,2850.0,283.0,3
1700242746,2665.0,119.0,2850.0,283.0,3
1700242746,2668.0,115.0,2850.0,283.0,3
1700242746,2671.0,112.0,2850.0,283.0,3
1700242746,2674.0,110.0,2850.0,283.0,3
1700242746,2677.0,108.0,2850.0,283.0,3
1700242746,2679.0,106.0,2850.0,283.0,3
1700242746,2680.0,103.0,2850.0,283.0,3
1700242746,2682.0,103.0,2850.0,283.0,3
1700242746,2684.0,101.0,2850.0,283.0,3
1700242746,2685.0,101.0,2850.0,283.0,3
1700242746,2684.0,101.0,2844.0,272.0,3
1700242746,2673.0,100.0,2809.0,234.0,3
1700242746,2655.0,97.0,2746.0,183.0,3
1700242746,2634.0,93.0,2678.0,140.0,3
1700242746,2614.0,88.0,2637.0,118.0,3
1700242746,2597.0,85.0,2611.0,103.0,3
1700242746,2582.0,80.0,2607.0,101.0,3
1700242746,2571.0,78.0,2607.0,99.0,3
1700242746,2562.0,76.0,2599.0,91.0,3
1700242746,2555.0,75.0,2582.0,85.0,3
1700242746,2551.0,74.0,2577.0,83.0,3
1700242746,2547.0,74.0,2577.0,83.0,3
1700242746,2544.0,75.0,2573.0,82.0,3
1700242746,2543.0,74.0,2570.0,81.0,3
1700242746,2541.0,74.0,2562.0,77.0,3
1700242746,2540.0,74.0,2555.0,72.0,3
1700242746,2539.0,74.0,2551.0,69.0,3
1700242746,2538.0,74.0,2549.0,67.0,3
1700242746,2537.0,74.0,2548.0,67.0,3
1700242746,2537.0,73.0,2547.0,66.0,3
1700242746,2536.0,73.0,2547.0,66.0,3
1700242746,2537.0,73.0,2547.0,66.0,0
1700242746,2544.0,84.0,2547.0,66.0,0
1700242746,2590.0,153.0,2547.0,66.0,0
1700242746,2656.0,249.0,2547.0,66.0,3
1700242746,2696.0,312.0,2547.0,66.0,3
1700242746,2720.0,346.0,2547.0,66.0,3
1700242746,2734.0,369.0,2561.0,72.0,3
1700242746,2739.0,384.0,2606.0,102.0,3
1700242746,2744.0,389.0,2671.0,155.0,3
1700242746,2747.0,394.0,2744.0,215.0,3
1700242746,2766.0,404.0,2796.0,264.0,3
1700242746,2846.0,427.0,2847.0,317.0,3
1700242746,2920.0,446.0,2859.0,330.0,3
1700242746,2965.0,458.0,2849.0,309.0,3
1700242746,3021.0,477.0,2841.0,299.0,3
1700242746,3272.0,551.0,3232.0,432.0,3
1700242746,3301.0,616.0,3237.0,435.0,3
1700242746,3326.0,626.0,3238.0,436.0,3
1700242746,3356.0,636.0,3240.0,438.0,3
1700242746,3379.0,643.0,3243.0,440.0,3
1700242746,3383.0,646.0,3244.0,441.0,3
1700242746,3387.0,649.0,3245.0,442.0,3
1700242746,3395.0,648.0,3249.0,447.0,3
1700242746,3392.0,645.0,3249.0,450.0,3
1700242746,3368.0,655.0,3249.0,451.0,3
1700242746,3371.0,652.0,3249.0,454.0,3
1700242746,3371.0,649.0,3249.0,455.0,3
1700242746,3372.0,650.0,3249.0,455.0,3
1700242746,3371.0,647.0,3249.0,455.0,3
1700242746,3322.0,565.0,3249.0,455.0,0
1700242746,3296.0,631.0,3249.0,455.0,0
1700242746,3163.0,545.0,3249.0,455.0,0
1700242746,3192.0,178.0,2825.0,80.0,3
1700242746,3123.0,157.0,2825.0,80.0,3
1700242746,3000.0,133.0,2825.0,80.0,3
1700242746,2916.0,117.0,2825.0,80.0,3
1700242746,2871.0,106.0,2825.0,80.0,3
1700242746,2850.0,99.0,2825.0,79.0,3
1700242746,2838.0,93.0,2825.0,74.0,3
1700242746,2831.0,90.0,2825.0,69.0,3
1700242746,2827.0,88.0,2825.0,67.0,3
1700242746,2824.0,86.0,2825.0,67.0,3
1700242746,2820.0,87.0,2825.0,67.0,3
1700242746,2818.0,85.0,2825.0,67.0,3
1700242746,2816.0,84.0,2825.0,67.0,0
1700242746,2819.0,93.0,2825.0,67.0,0
1700242746,2840.0,149.0,2825.0,67.0,3
1700242746,2881.0,276.0,2825.0,67.0,3
1700242746,2915.0,380.0,2835.0,101.0,3
1700242746,2934.0,441.0,2867.0,206.0,3
1700242746,2941.0,475.0,2915.0,342.0,3
1700242746,2943.0,495.0,2960.0,445.0,3
1700242746,2947.0,504.0,2978.0,474.0,3
1700242746,2952.0,508.0,2980.0,479.0,3
1700242746,2993.0,527.0,2980.0,479.0,3
1700242746,3034.0,543.0,2982.0,481.0,3
1700242746,3060.0,557.0,2982.0,481.0,3
1700242746,3077.0,561.0,2982.0,481.0,3
1700242746,3087.0,567.0,2982.0,481.0,3
1700242746,3094.0,572.0,2982.0,481.0,3
1700242746,3098.0,573.0,2991.0,486.0,3
1700242746,3101.0,574.0,2993.0,486.0,3
1700242746,3103.0,574.0,2993.0,486.0,3
1700242746,3104.0,574.0,2993.0,486.0,3
1700242746,3106.0,575.0,2993.0,486.0,3
1700242746,3106.0,574.0,2993.0,486.0,3
1700242746,3106.0,574.0,2993.0,486.0,3
1700242746,3107.0,574.0,2997.0,487.0,3
1700242746,3107.0,573.0,2999.0,487.0,3
1700242746,3107.0,573.0,3002.0,487.0,3
1700242746,3108.0,572.0,3024.0,492.0,3
1700242746,3108.0,571.0,3054.0,503.0,3
1700242746,3108.0,569.0,3056.0,504.0,3
1700242746,3109.0,568.0,3056.0,504.0,3
1700242746,3109.0,559.0,3056.0,504.0,3
1700242746,3106.0,514.0,3056.0,504.0,3
1700242746,3107.0,461.0,3056.0,504.0,3
1700242746,3109.0,417.0,3057.0,504.0,3
1700242746,3105.0,384.0,3087.0,507.0,3
1700242746,3103.0,368.0,3138.0,510.0,3
1700242746,3106.0,369.0,3226.0,510.0,3
1700242746,3107.0,374.0,3272.0,509.0,3
1700242746,3108.0,375.0,3281.0,507.0,3
1700242746,3108.0,376.0,3293.0,502.0,3
1700242746,3108.0,376.0,3294.0,502.0,3
1700242746,3107.0,376.0,3294.0,502.0,3
1700242746,3108.0,376.0,3294.0,502.0,0
1700242746,3108.0,377.0,3294.0,502.0,0
1700242746,3109.0,378.0,3294.0,502.0,0
1700242746,3109.0,379.0,3294.0,502.0,0
1700242746,3109.0,379.0,3294.0,502.0,3
1700242746,3109.0,379.0,3294.0,502.0,3
1700242746,3108.0,379.0,3294.0,502.0,3
1700242746,3108.0,379.0,3294.0,502.0,3
1700242746,3108.0,380.0,3292.0,504.0,3
1700242746,3108.0,380.0,3280.0,488.0,3
1700242746,1115.0,841.0,1093.0,852.0,3
1700242747,1059.0,844.0,1093.0,852.0,3
1700242747,1022.0,834.0,1094.0,851.0,3
1700242747,1007.0,844.0,1089.0,850.0,3
1700242747,992.0,845.0,1082.0,860.0,3
1700242747,988.0,844.0,1082.0,863.0,3
1700242747,989.0,843.0,1077.0,864.0,3
1700242747,988.0,842.0,1058.0,864.0,3
1700242747,989.0,841.0,1055.0,864.0,3
1700242747,993.0,840.0,1055.0,864.0,3
1700242747,997.0,841.0,1055.0,864.0,3
1700242747,998.0,841.0,1046.0,863.0,3
1700242747,999.0,841.0,1026.0,859.0,3
1700242747,999.0,841.0,1007.0,858.0,3
1700242747,1000.0,841.0,992.0,858.0,3
1700242747,1000.0,841.0,992.0,858.0,3
1700242747,1001.0,841.0,992.0,858.0,3
1700242747,1001.0,842.0,992.0,858.0,3
1700242747,1004.0,842.0,992.0,858.0,3
1700242747,1012.0,841.0,992.0,858.0,3
1700242747,1011.0,843.0,996.0,858.0,3
1700242747,1011.0,844.0,1009.0,857.0,3
1700242747,1010.0,845.0,1014.0,856.0,3
1700242747,1010.0,845.0,1017.0,856.0,3
1700242747,1010.0,846.0,1018.0,855.0,3
1700242747,1010.0,846.0,1018.0,855.0,3
1700242747,1010.0,847.0,1018.0,855.0,3
1700242747,1010.0,847.0,1018.0,855.0,3
1700242747,1010.0,848.0,1018.0,855.0,3
1700242747,1010.0,848.0,1018.0,855.0,3
1700242747,1011.0,849.0,1018.0,855.0,3
1700242747,1011.0,849.0,1018.0,855.0,3
1700242747,1011.0,849.0,1018.0,855.0,3
1700242747,1021.0,844.0,1018.0,855.0,0
1700242747,1022.0,844.0,1018.0,855.0,0
1700242747,1011.0,851.0,1018.0,855.0,0
1700242747,1012.0,851.0,1018.0,855.0,0
1700242747,1013.0,851.0,1018.0,855.0,3
1700242747,1013.0,850.0,1018.0,855.0,3
1700242747,1013.0,851.0,1018.0,855.0,3
1700242747,1013.0,851.0,1018.0,855.0,3
1700242747,1014.0,851.0,1018.0,855.0,3
1700242747,1014.0,852.0,1017.0,855.0,3
1700242747,1015.0,851.0,1017.0,855.0,3
1700242747,1016.0,851.0,1017.0,855.0,3
1700242747,1016.0,851.0,1017.0,855.0,3
1700242747,1016.0,851.0,1017.0,855.0,3
1700242747,1033.0,849.0,1017.0,855.0,3
1700242747,1166.0,836.0,1017.0,855.0,3
1700242747,1474.0,823.0,1017.0,855.0,3
1700242747,2584.0,849.0,1017.0,855.0,3
1700242747,2680.0,834.0,1017.0,855.0,3
1700242747,2820.0,825.0,1017.0,855.0,3
1700242747,3255.0,758.0,1017.0,855.0,3
1700242747,2895.0,831.0,1017.0,855.0,3
1700242747,2955.0,830.0,1017.0,855.0,3
1700242747,2967.0,821.0,1017.0,855.0,3
1700242747,2968.0,823.0,1017.0,855.0,3
1700242747,2842.0,837.0,1017.0,855.0,3
