1700241007,193.0,2163.0,3107.0,537.0,3
1700241007,3313.0,1018.0,1730.0,415.0,3
1700241007,1034.0,1333.0,1636.0,381.0,3
1700241007,796.0,1647.0,1616.0,375.0,3
1700241007,425.0,2036.0,1616.0,375.0,3
1700241007,569.0,194.0,1814.0,356.0,3
1700241007,1548.0,432.0,1821.0,354.0,3
1700241007,2611.0,596.0,3131.0,520.0,3
1700241007,2602.0,597.0,3131.0,520.0,3
1700241007,2666.0,615.0,3131.0,520.0,3
1700241007,2824.0,626.0,3131.0,520.0,3
1700241007,2882.0,637.0,3131.0,520.0,3
1700241007,2771.0,713.0,3131.0,520.0,3
1700241007,2898.0,665.0,3131.0,520.0,3
1700241007,2941.0,672.0,3131.0,520.0,3
1700241007,3015.0,658.0,3131.0,520.0,3
1700241007,3011.0,660.0,3131.0,522.0,3
1700241007,3044.0,658.0,3131.0,522.0,3
1700241007,3074.0,652.0,3131.0,522.0,3
1700241007,3092.0,651.0,3131.0,522.0,3
1700241007,3103.0,651.0,3131.0,522.0,3
1700241007,3106.0,654.0,3131.0,522.0,3
1700241007,3109.0,656.0,3131.0,522.0,3
1700241007,3110.0,655.0,3131.0,522.0,3
1700241007,3184.0,805.0,3131.0,522.0,3
1700241007,3214.0,722.0,3131.0,522.0,3
1700241007,3217.0,715.0,3131.0,522.0,3
1700241007,3216.0,711.0,3131.0,522.0,3
1700241007,3189.0,798.0,3131.0,522.0,3
1700241007,3200.0,684.0,3131.0,522.0,3
1700241007,3175.0,699.0,3131.0,522.0,3
1700241007,3165.0,807.0,3131.0,522.0,3
1700241007,3167.0,812.0,3131.0,522.0,3
1700241007,3170.0,811.0,3131.0,522.0,3
1700241007,3173.0,820.0,3131.0,522.0,3
1700241007,3180.0,815.0,3131.0,522.0,3
1700241007,3192.0,813.0,3131.0,522.0,3
1700241007,3230.0,688.0,3131.0,522.0,3
1700241007,3214.0,795.0,3131.0,522.0,3
1700241007,3213.0,781.0,3130.0,524.0,3
1700241007,3214.0,765.0,3123.0,542.0,3
1700241007,3207.0,662.0,3117.0,547.0,3
1700241008,3211.0,742.0,3109.0,552.0,3
1700241008,3208.0,728.0,3106.0,555.0,3
1700241008,3204.0,714.0,3106.0,556.0,3
1700241008,3202.0,711.0,3106.0,556.0,3
1700241008,3184.0,711.0,3106.0,556.0,3
1700241008,3175.0,722.0,3106.0,556.0,3
1700241008,3169.0,730.0,3106.0,556.0,0
1700241008,3173.0,729.0,3106.0,556.0,0
1700241008,3177.0,732.0,3106.0,556.0,0
1700241008,3186.0,739.0,3106.0,556.0,3
1700241008,3195.0,739.0,3106.0,556.0,3
1700241008,3183.0,750.0,3106.0,556.0,0
1700241008,3170.0,751.0,3106.0,556.0,0
1700241008,3162.0,794.0,3106.0,556.0,0
1700241008,3152.0,834.0,3106.0,556.0,3
1700241008,3131.0,835.0,3091.0,563.0,3
1700241008,3111.0,831.0,3021.0,573.0,3
1700241008,3061.0,673.0,2968.0,574.0,3
1700241008,3045.0,659.0,2960.0,574.0,3
1700241008,3085.0,857.0,2960.0,574.0,3
1700241008,3094.0,852.0,2960.0,574.0,0
1700241008,3026.0,839.0,2960.0,574.0,0
1700241008,2908.0,806.0,2960.0,574.0,0
1700241008,2904.0,754.0,2960.0,574.0,3
1700241008,2926.0,748.0,2960.0,574.0,3
1700241008,2930.0,719.0,2960.0,574.0,0
1700241008,2928.0,717.0,2960.0,574.0,0
1700241008,2926.0,710.0,2960.0,574.0,0
1700241008,2934.0,701.0,2960.0,574.0,3
1700241008,2937.0,659.0,2960.0,574.0,3
1700241008,2944.0,615.0,2961.0,575.0,3
1700241008,2949.0,593.0,2990.0,590.0,3
1700241008,2949.0,580.0,3062.0,594.0,3
1700241008,2949.0,575.0,3123.0,590.0,3
1700241008,2949.0,570.0,3133.0,586.0,3
1700241008,2950.0,566.0,3133.0,586.0,3
1700241008,2950.0,564.0,3133.0,586.0,0
1700241008,2950.0,564.0,3133.0,586.0,0
1700241008,2949.0,565.0,3133.0,586.0,0
1700241008,2950.0,565.0,3133.0,586.0,3
1700241008,2950.0,564.0,3133.0,586.0,3
1700241008,2949.0,565.0,3133.0,586.0,3
1700241008,2949.0,566.0,3109.0,589.0,3
1700241008,2949.0,566.0,3069.0,605.0,3
1700241008,2949.0,567.0,2996.0,634.0,3
1700241008,2950.0,567.0,2916.0,660.0,3
1700241008,2950.0,567.0,2859.0,675.0,3
1700241008,2950.0,567.0,2842.0,677.0,3
1700241008,2943.0,567.0,2852.0,654.0,3
1700241008,2852.0,563.0,2859.0,647.0,3
1700241008,2639.0,554.0,2859.0,647.0,3
1700241008,2451.0,550.0,2859.0,647.0,3
1700241008,2353.0,539.0,2868.0,647.0,3
1700241008,2305.0,529.0,2887.0,648.0,3
1700241008,2285.0,524.0,2840.0,649.0,3
1700241008,2277.0,519.0,2693.0,649.0,3
1700241008,2273.0,529.0,2591.0,635.0,3
1700241008,1703.0,675.0,1724.0,792.0,3
1700241008,1714.0,694.0,1724.0,792.0,3
1700241008,1723.0,709.0,1724.0,792.0,3
1700241008,1730.0,719.0,1724.0,792.0,3
1700241008,1737.0,727.0,1724.0,792.0,3
1700241008,1740.0,736.0,1724.0,792.0,3
1700241008,1742.0,741.0,1726.0,791.0,3
1700241008,1746.0,744.0,1726.0,791.0,3
1700241008,1745.0,745.0,1726.0,785.0,3
1700241008,1746.0,744.0,1726.0,778.0,3
1700241008,1745.0,746.0,1726.0,773.0,3
1700241008,1744.0,748.0,1726.0,773.0,3
1700241008,1743.0,748.0,1726.0,772.0,3
1700241008,1742.0,749.0,1726.0,772.0,0
1700241008,1742.0,749.0,1726.0,772.0,0
1700241008,1741.0,749.0,1726.0,772.0,0
1700241008,1740.0,749.0,1726.0,772.0,3
1700241008,1754.0,753.0,1726.0,772.0,3
1700241008,1859.0,780.0,1726.0,772.0,3
1700241008,2029.0,817.0,1714.0,766.0,3
1700241008,2144.0,847.0,1714.0,766.0,3
1700241008,2209.0,862.0,1714.0,766.0,3
1700241008,2238.0,874.0,1714.0,766.0,3
1700241008,2897.0,788.0,2775.0,561.0,3
1700241008,2911.0,793.0,2775.0,561.0,0
1700241008,1907.0,1315.0,1672.0,1049.0,3
1700241009,1738.0,705.0,1759.0,761.0,3
1700241009,1740.0,705.0,1759.0,761.0,3
1700241009,1741.0,706.0,1759.0,761.0,0
1700241009,1741.0,706.0,1759.0,761.0,0
1700241009,1741.0,707.0,1759.0,761.0,3
1700241009,1741.0,708.0,1759.0,761.0,3
1700241009,1741.0,709.0,1759.0,760.0,3
1700241009,1741.0,710.0,1748.0,782.0,3
1700241009,1740.0,715.0,1743.0,807.0,3
1700241009,1727.0,755.0,1741.0,836.0,3
1700241009,1710.0,809.0,1739.0,861.0,3
1700241009,1697.0,853.0,1730.0,888.0,3
1700241009,1689.0,883.0,1725.0,905.0,3
1700241009,1686.0,899.0,1716.0,923.0,3
1700241009,1680.0,923.0,1709.0,938.0,3
1700241009,1674.0,952.0,1699.0,952.0,3
1700241009,1666.0,970.0,1685.0,969.0,3
1700241009,1662.0,985.0,1678.0,977.0,3
1700241009,1659.0,993.0,1671.0,988.0,3
1700241009,1663.0,995.0,1663.0,999.0,3
1700241009,1662.0,1000.0,1658.0,1009.0,3
1700241009,1662.0,1004.0,1655.0,1012.0,3
1700241009,1664.0,1008.0,1654.0,1013.0,3
1700241009,1667.0,1013.0,1654.0,1013.0,3
1700241009,1669.0,1014.0,1654.0,1013.0,3
1700241009,1669.0,1016.0,1654.0,1013.0,3
1700241009,1669.0,1017.0,1654.0,1013.0,3
1700241009,1669.0,1017.0,1653.0,1015.0,3
1700241009,1668.0,1019.0,1653.0,1016.0,3
1700241009,1663.0,1013.0,1653.0,1016.0,0
1700241009,1588.0,880.0,1653.0,1016.0,0
1700241009,1453.0,647.0,1653.0,1016.0,0
1700241009,1374.0,508.0,1653.0,1016.0,0
1700241009,1345.0,448.0,1653.0,1016.0,3
1700241009,1332.0,423.0,1653.0,1016.0,3
1700241009,1327.0,410.0,1653.0,1016.0,0
1700241009,1320.0,406.0,1653.0,1016.0,0
1700241009,1319.0,402.0,1653.0,1016.0,0
1700241009,1319.0,396.0,1649.0,1016.0,3
1700241009,1322.0,396.0,1630.0,973.0,3
1700241009,1323.0,413.0,1584.0,841.0,3
1700241009,738.0,476.0,874.0,532.0,3
1700241009,755.0,474.0,864.0,532.0,3
1700241009,764.0,471.0,854.0,534.0,3
1700241009,769.0,471.0,853.0,536.0,3
1700241009,773.0,471.0,853.0,538.0,3
1700241009,786.0,468.0,853.0,538.0,3
1700241009,817.0,463.0,853.0,538.0,3
1700241009,835.0,462.0,853.0,538.0,3
1700241009,833.0,468.0,853.0,538.0,3
1700241009,835.0,472.0,853.0,538.0,3
1700241009,837.0,476.0,853.0,538.0,3
1700241009,838.0,481.0,853.0,538.0,0
1700241009,840.0,488.0,853.0,538.0,0
1700241009,842.0,492.0,853.0,538.0,0
1700241009,843.0,494.0,853.0,538.0,3
1700241009,844.0,496.0,853.0,538.0,3
1700241009,845.0,498.0,853.0,538.0,0
1700241009,844.0,499.0,853.0,538.0,0
1700241009,843.0,500.0,853.0,538.0,0
1700241009,842.0,500.0,853.0,538.0,3
1700241009,842.0,501.0,853.0,538.0,3
1700241009,842.0,500.0,853.0,538.0,3
1700241009,842.0,497.0,855.0,539.0,3
1700241009,843.0,491.0,861.0,535.0,3
1700241009,844.0,484.0,868.0,512.0,3
1700241009,844.0,476.0,874.0,482.0,3
1700241009,844.0,471.0,876.0,468.0,3
1700241009,845.0,467.0,876.0,463.0,3
1700241009,845.0,461.0,876.0,462.0,3
1700241009,844.0,456.0,876.0,462.0,3
1700241009,844.0,454.0,876.0,462.0,3
1700241009,845.0,450.0,874.0,461.0,3
1700241009,846.0,448.0,865.0,466.0,3
1700241009,845.0,447.0,861.0,471.0,3
1700241009,846.0,445.0,861.0,471.0,3
1700241009,847.0,444.0,861.0,471.0,3
1700241009,846.0,445.0,861.0,471.0,3
1700241009,846.0,445.0,861.0,471.0,0
1700241009,846.0,446.0,861.0,471.0,0
1700241009,846.0,445.0,861.0,471.0,0
1700241009,846.0,446.0,861.0,471.0,3
1700241009,845.0,446.0,861.0,471.0,3
1700241009,845.0,447.0,861.0,471.0,0
1700241009,845.0,447.0,861.0,471.0,0
1700241009,845.0,447.0,861.0,471.0,0
1700241009,844.0,447.0,861.0,471.0,0
1700241009,844.0,448.0,861.0,471.0,3
1700241009,844.0,448.0,861.0,472.0,3
1700241009,844.0,448.0,854.0,467.0,3
1700241009,844.0,447.0,853.0,467.0,3
1700241009,846.0,447.0,853.0,467.0,3
1700241009,884.0,423.0,851.0,473.0,3
1700241009,983.0,354.0,870.0,500.0,3
1700241009,1077.0,291.0,946.0,494.0,3
1700241009,1136.0,252.0,1041.0,456.0,3
1700241009,1172.0,235.0,1174.0,382.0,3
1700241009,1195.0,226.0,1302.0,314.0,3
1700241009,1209.0,219.0,1367.0,284.0,3
1700241009,1217.0,216.0,1372.0,282.0,3
1700241009,1223.0,215.0,1372.0,282.0,3
1700241009,1255.0,206.0,1372.0,282.0,3
1700241009,1298.0,197.0,1372.0,282.0,3
1700241009,1329.0,191.0,1379.0,277.0,3
1700241009,1350.0,188.0,1382.0,271.0,3
1700241009,1365.0,186.0,1387.0,253.0,3
1700241009,1376.0,183.0,1392.0,237.0,3
1700241009,1384.0,182.0,1393.0,228.0,3
1700241009,1388.0,181.0,1395.0,222.0,3
1700241009,1390.0,179.0,1398.0,218.0,3
1700241009,1392.0,178.0,1402.0,214.0,3
1700241009,1394.0,178.0,1410.0,206.0,3
1700241009,1395.0,177.0,1418.0,202.0,3
1700241009,1396.0,177.0,1426.0,197.0,3
1700241009,1397.0,177.0,1432.0,192.0,3
1700241009,1398.0,177.0,1436.0,189.0,3
1700241009,1398.0,177.0,1436.0,189.0,3
1700241009,1398.0,177.0,1436.0,189.0,3
1700241009,1398.0,177.0,1436.0,189.0,3
1700241009,1398.0,177.0,1436.0,189.0,3
1700241009,1398.0,177.0,1436.0,189.0,3
1700241009,1398.0,177.0,1436.0,189.0,3
1700241009,1399.0,177.0,1436.0,188.0,3
1700241009,1399.0,177.0,1436.0,188.0,3
1700241009,1389.0,182.0,1436.0,188.0,3
1700241009,1286.0,240.0,1436.0,188.0,3
1700241009,1092.0,363.0,1436.0,188.0,3
1700241009,957.0,451.0,1436.0,188.0,3
1700241009,890.0,494.0,1436.0,188.0,3
1700241009,863.0,509.0,1436.0,188.0,3
1700241009,849.0,517.0,1436.0,188.0,3
1700241009,844.0,520.0,1436.0,188.0,3
1700241009,844.0,522.0,1436.0,188.0,3
1700241009,846.0,523.0,1436.0,188.0,3
1700241009,793.0,587.0,938.0,623.0,3
1700241009,800.0,592.0,938.0,623.0,3
1700241009,806.0,594.0,938.0,623.0,0
1700241009,813.0,594.0,938.0,623.0,0
1700241009,824.0,593.0,938.0,623.0,0
1700241009,826.0,595.0,938.0,623.0,3
1700241009,836.0,595.0,938.0,623.0,3
1700241009,847.0,596.0,938.0,623.0,0
1700241009,856.0,598.0,938.0,623.0,0
1700241009,864.0,598.0,938.0,623.0,0
1700241009,870.0,599.0,938.0,623.0,3
1700241009,874.0,600.0,938.0,623.0,3
1700241009,877.0,599.0,938.0,623.0,3
1700241009,873.0,599.0,938.0,623.0,3
1700241009,867.0,599.0,938.0,623.0,3
1700241009,863.0,599.0,938.0,623.0,3
1700241009,858.0,598.0,938.0,623.0,3
1700241009,852.0,599.0,938.0,623.0,3
1700241009,846.0,598.0,938.0,623.0,3
1700241009,839.0,597.0,938.0,623.0,3
1700241009,832.0,596.0,938.0,623.0,3
1700241009,826.0,596.0,938.0,623.0,3
1700241009,822.0,594.0,938.0,623.0,3
1700241009,818.0,594.0,938.0,623.0,3
1700241009,815.0,592.0,938.0,623.0,3
1700241009,814.0,590.0,938.0,623.0,3
1700241009,813.0,588.0,941.0,622.0,3
1700241009,816.0,584.0,942.0,623.0,3
1700241009,820.0,578.0,941.0,627.0,3
1700241009,817.0,575.0,930.0,630.0,3
1700241009,815.0,571.0,916.0,630.0,3
1700241009,813.0,567.0,900.0,629.0,3
1700241009,812.0,559.0,891.0,621.0,3
1700241009,810.0,551.0,890.0,613.0,3
1700241009,809.0,542.0,890.0,606.0,3
1700241009,803.0,533.0,898.0,588.0,3
1700241009,801.0,527.0,902.0,570.0,3
1700241009,802.0,524.0,901.0,557.0,3
1700241009,802.0,522.0,895.0,548.0,3
1700241009,804.0,521.0,889.0,542.0,3
1700241009,806.0,520.0,879.0,527.0,3
1700241009,807.0,517.0,873.0,513.0,3
1700241009,807.0,517.0,871.0,503.0,3
1700241009,808.0,514.0,870.0,502.0,3
1700241009,811.0,506.0,870.0,497.0,3
1700241009,813.0,494.0,870.0,486.0,3
1700241009,811.0,484.0,870.0,475.0,3
1700241009,811.0,475.0,869.0,469.0,3
1700241009,813.0,469.0,869.0,468.0,3
1700241009,812.0,464.0,869.0,468.0,3
1700241009,813.0,465.0,869.0,468.0,3
1700241009,814.0,464.0,869.0,468.0,3
1700241009,814.0,462.0,869.0,467.0,3
1700241009,815.0,461.0,869.0,467.0,3
1700241009,812.0,464.0,869.0,467.0,3
1700241009,848.0,482.0,869.0,466.0,0
1700241009,845.0,483.0,869.0,466.0,3
1700241009,844.0,486.0,869.0,466.0,3
1700241009,845.0,491.0,868.0,468.0,3
1700241009,845.0,496.0,855.0,484.0,3
1700241009,845.0,500.0,838.0,504.0,3
1700241009,845.0,503.0,833.0,514.0,3
1700241009,844.0,503.0,831.0,518.0,3
1700241009,843.0,504.0,831.0,518.0,3
1700241009,843.0,506.0,831.0,518.0,3
1700241009,847.0,506.0,831.0,518.0,3
1700241009,853.0,505.0,831.0,522.0,3
1700241009,857.0,507.0,832.0,529.0,3
1700241009,864.0,511.0,835.0,533.0,3
1700241009,859.0,517.0,836.0,534.0,3
1700241009,860.0,521.0,836.0,534.0,3
1700241009,863.0,524.0,836.0,534.0,3
1700241009,860.0,528.0,836.0,534.0,3
1700241009,858.0,530.0,836.0,534.0,3
1700241009,858.0,529.0,843.0,534.0,3
1700241009,862.0,527.0,861.0,534.0,3
1700241009,864.0,528.0,877.0,534.0,3
1700241009,864.0,531.0,881.0,534.0,3
1700241009,866.0,533.0,883.0,539.0,3
1700241009,863.0,536.0,883.0,551.0,3
1700241009,859.0,540.0,883.0,569.0,3
1700241009,856.0,542.0,883.0,576.0,3
1700241009,859.0,542.0,883.0,578.0,3
1700241009,859.0,545.0,883.0,584.0,3
1700241009,856.0,547.0,883.0,596.0,3
1700241009,851.0,549.0,884.0,601.0,3
1700241009,846.0,553.0,886.0,608.0,3
1700241009,839.0,561.0,888.0,613.0,3
1700241009,834.0,568.0,889.0,614.0,3
1700241009,828.0,575.0,889.0,614.0,3
1700241009,823.0,581.0,889.0,614.0,3
1700241009,821.0,585.0,889.0,614.0,3
1700241009,821.0,590.0,889.0,614.0,3
1700241009,820.0,593.0,886.0,614.0,3
1700241009,819.0,595.0,879.0,607.0,3
1700241009,816.0,597.0,878.0,605.0,3
1700241009,816.0,596.0,876.0,603.0,3
1700241009,819.0,594.0,876.0,603.0,3
1700241009,822.0,594.0,876.0,603.0,3
1700241009,820.0,596.0,876.0,602.0,0
1700241009,820.0,597.0,876.0,602.0,0
1700241009,824.0,597.0,876.0,602.0,0
1700241009,827.0,599.0,875.0,601.0,3
1700241009,832.0,602.0,875.0,601.0,3
1700241009,837.0,602.0,875.0,601.0,0
1700241009,840.0,598.0,875.0,601.0,0
1700241009,887.0,600.0,875.0,601.0,3
1700241009,1042.0,355.0,1131.0,496.0,3
1700241009,1051.0,348.0,1163.0,467.0,3
1700241009,1061.0,342.0,1172.0,456.0,3
1700241009,1066.0,338.0,1185.0,454.0,3
1700241009,1069.0,336.0,1204.0,449.0,3
1700241009,1073.0,336.0,1207.0,449.0,3
1700241009,1075.0,335.0,1217.0,447.0,3
1700241009,1077.0,335.0,1219.0,447.0,3
1700241009,1079.0,335.0,1222.0,447.0,3
1700241009,1081.0,335.0,1213.0,468.0,3
1700241009,1075.0,341.0,1146.0,525.0,3
1700241009,1009.0,399.0,1078.0,578.0,3
1700241009,934.0,474.0,1006.0,630.0,3
1700241009,880.0,530.0,976.0,655.0,3
1700241009,1005.0,492.0,905.0,489.0,3
1700241009,1007.0,499.0,904.0,489.0,3
1700241009,990.0,512.0,904.0,489.0,3
1700241009,969.0,532.0,904.0,490.0,3
1700241009,954.0,548.0,906.0,494.0,3
1700241009,937.0,560.0,908.0,506.0,3
1700241009,940.0,565.0,908.0,517.0,3
1700241009,951.0,561.0,911.0,522.0,3
1700241009,940.0,565.0,913.0,534.0,3
1700241009,927.0,571.0,913.0,559.0,3
1700241009,920.0,575.0,913.0,583.0,3
1700241009,915.0,577.0,913.0,592.0,3
1700241009,916.0,577.0,913.0,594.0,3
1700241009,925.0,572.0,913.0,596.0,3
1700241009,932.0,569.0,913.0,596.0,3
1700241009,932.0,567.0,911.0,598.0,3
1700241009,931.0,567.0,907.0,598.0,3
1700241009,937.0,561.0,904.0,599.0,3
1700241009,937.0,560.0,899.0,601.0,3
1700241009,934.0,562.0,895.0,605.0,3
1700241009,937.0,561.0,891.0,611.0,3
1700241009,952.0,556.0,890.0,614.0,3
1700241009,980.0,544.0,890.0,618.0,3
1700241009,1018.0,528.0,890.0,621.0,3
1700241009,1031.0,524.0,890.0,621.0,3
1700241009,1050.0,515.0,890.0,621.0,3
1700241009,1075.0,505.0,890.0,621.0,3
1700241009,1076.0,502.0,890.0,621.0,3
1700241009,1071.0,505.0,890.0,621.0,3
1700241009,1070.0,505.0,890.0,621.0,0
1700241009,1071.0,509.0,890.0,621.0,0
1700241009,848.0,602.0,953.0,617.0,3
1700241009,862.0,580.0,949.0,623.0,3
1700241009,885.0,565.0,947.0,624.0,3
1700241009,888.0,557.0,945.0,625.0,3
1700241009,879.0,549.0,945.0,625.0,3
1700241009,870.0,545.0,945.0,625.0,3
1700241009,870.0,543.0,941.0,625.0,3
1700241009,883.0,527.0,934.0,603.0,3
1700241009,1135.0,617.0,889.0,580.0,0
1700241009,1128.0,586.0,889.0,580.0,0
1700241009,1113.0,577.0,889.0,580.0,3
1700241009,1109.0,568.0,889.0,580.0,3
1700241009,1089.0,571.0,889.0,580.0,0
1700241009,1079.0,573.0,889.0,580.0,0
1700241009,1065.0,575.0,889.0,580.0,0
1700241009,1064.0,574.0,889.0,580.0,3
1700241009,1039.0,579.0,889.0,580.0,3
1700241009,1018.0,587.0,884.0,580.0,3
1700241009,1009.0,585.0,870.0,599.0,3
1700241009,994.0,593.0,861.0,618.0,3
1700241009,1001.0,595.0,859.0,624.0,3
1700241009,989.0,603.0,858.0,626.0,3
1700241009,950.0,619.0,858.0,626.0,3
1700241009,918.0,635.0,858.0,626.0,3
1700241009,898.0,642.0,858.0,626.0,3
1700241009,883.0,658.0,858.0,626.0,3
1700241009,873.0,676.0,858.0,626.0,3
1700241009,880.0,672.0,858.0,626.0,3
1700241009,899.0,660.0,856.0,628.0,3
1700241009,927.0,641.0,856.0,628.0,3
1700241009,970.0,612.0,856.0,628.0,3
1700241009,982.0,599.0,856.0,628.0,3
1700241009,953.0,604.0,857.0,629.0,3
1700241009,939.0,609.0,857.0,629.0,3
1700241009,928.0,611.0,857.0,631.0,3
1700241009,926.0,609.0,857.0,631.0,3
1700241009,948.0,598.0,857.0,631.0,3
1700241009,978.0,580.0,857.0,631.0,3
1700241009,1001.0,573.0,858.0,632.0,0
1700241009,1067.0,427.0,901.0,517.0,3
1700241009,1035.0,433.0,872.0,517.0,3
1700241009,1006.0,441.0,858.0,517.0,3
1700241009,1007.0,482.0,819.0,641.0,3
1700241009,996.0,492.0,826.0,637.0,3
1700241009,988.0,501.0,856.0,625.0,3
1700241009,971.0,513.0,904.0,607.0,3
1700241009,980.0,519.0,932.0,597.0,3
1700241009,986.0,522.0,943.0,592.0,3
1700241009,991.0,522.0,943.0,592.0,3
1700241009,991.0,522.0,943.0,592.0,3
1700241009,990.0,524.0,943.0,592.0,3
1700241009,989.0,529.0,943.0,592.0,3
1700241009,989.0,532.0,916.0,595.0,3
1700241009,992.0,535.0,886.0,600.0,3
1700241009,984.0,541.0,880.0,601.0,3
1700241009,972.0,543.0,879.0,602.0,3
1700241009,980.0,542.0,879.0,602.0,3
1700241009,977.0,550.0,879.0,602.0,3
1700241009,950.0,567.0,879.0,602.0,3
1700241009,924.0,584.0,879.0,602.0,3
1700241009,901.0,589.0,879.0,602.0,0
1700241009,890.0,592.0,879.0,602.0,0
1700241009,892.0,587.0,879.0,602.0,0
1700241009,908.0,580.0,879.0,602.0,3
1700241009,933.0,571.0,879.0,602.0,3
1700241009,988.0,552.0,879.0,602.0,0
1700241009,1020.0,546.0,879.0,602.0,0
1700241009,1018.0,555.0,879.0,602.0,0
1700241009,1005.0,561.0,879.0,602.0,3
1700241009,1001.0,564.0,879.0,603.0,3
1700241009,1002.0,564.0,884.0,608.0,3
1700241009,999.0,566.0,886.0,609.0,3
1700241009,1006.0,567.0,878.0,606.0,3
1700241009,1023.0,564.0,873.0,602.0,3
1700241009,1038.0,560.0,867.0,600.0,3
1700241009,1057.0,552.0,859.0,600.0,3
1700241009,1063.0,554.0,854.0,600.0,3
1700241009,1065.0,558.0,853.0,600.0,3
1700241009,1068.0,559.0,843.0,612.0,3
1700241009,1079.0,553.0,836.0,621.0,3
1700241009,1094.0,541.0,836.0,622.0,3
1700241009,1097.0,537.0,838.0,622.0,3
1700241009,1105.0,534.0,846.0,621.0,3
1700241009,1106.0,537.0,857.0,617.0,3
1700241009,1103.0,538.0,862.0,616.0,3
1700241009,1097.0,542.0,864.0,615.0,3
1700241009,1072.0,554.0,864.0,615.0,3
1700241009,1059.0,553.0,864.0,615.0,3
1700241009,1064.0,548.0,864.0,615.0,3
1700241009,1064.0,549.0,864.0,615.0,3
1700241009,1067.0,548.0,867.0,612.0,3
1700241009,1062.0,551.0,877.0,609.0,3
1700241009,1401.0,197.0,1467.0,182.0,3
1700241009,1403.0,195.0,1459.0,184.0,3
1700241009,1405.0,194.0,1454.0,187.0,3
1700241009,1405.0,193.0,1449.0,188.0,3
1700241009,1409.0,192.0,1445.0,188.0,3
1700241009,1414.0,191.0,1440.0,188.0,3
1700241009,1418.0,190.0,1439.0,188.0,3
1700241009,1422.0,190.0,1438.0,187.0,3
1700241009,1425.0,190.0,1438.0,187.0,3
1700241009,1428.0,190.0,1438.0,187.0,0
1700241009,1431.0,190.0,1438.0,187.0,0
1700241009,1433.0,189.0,1438.0,187.0,0
1700241009,1435.0,188.0,1438.0,187.0,3
1700241009,1436.0,188.0,1438.0,187.0,3
1700241009,1437.0,189.0,1429.0,194.0,3
1700241009,1438.0,189.0,1408.0,187.0,3
1700241009,1438.0,189.0,1408.0,187.0,3
1700241009,1439.0,189.0,1408.0,187.0,3
1700241009,1439.0,189.0,1408.0,187.0,3
1700241009,1440.0,188.0,1390.0,192.0,3
1700241009,1441.0,187.0,1400.0,217.0,3
1700241009,1456.0,190.0,1489.0,264.0,3
1700241009,1636.0,262.0,1717.0,385.0,3
1700241009,3080.0,534.0,3063.0,693.0,3
1700241009,3082.0,534.0,3063.0,693.0,3
1700241009,3086.0,533.0,3063.0,693.0,3
1700241009,3089.0,533.0,3063.0,693.0,3
1700241009,3093.0,534.0,3063.0,693.0,3
1700241009,3096.0,533.0,3063.0,691.0,3
1700241009,3099.0,534.0,3047.0,692.0,3
1700241009,3101.0,534.0,3019.0,695.0,3
1700241009,3102.0,535.0,2995.0,690.0,3
1700241009,3094.0,532.0,2991.0,689.0,3
1700241009,3086.0,529.0,2988.0,689.0,3
1700241009,3078.0,526.0,2984.0,693.0,3
1700241009,3070.0,522.0,2985.0,708.0,3
1700241009,3062.0,519.0,2991.0,714.0,3
1700241009,3056.0,516.0,2991.0,714.0,3
1700241009,3050.0,514.0,2992.0,714.0,3
1700241009,3051.0,491.0,3004.0,703.0,3
1700241009,3061.0,441.0,3021.0,673.0,3
1700241009,3072.0,394.0,3042.0,626.0,3
1700241009,3077.0,363.0,3058.0,587.0,3
1700241009,3082.0,340.0,3078.0,545.0,3
1700241009,3083.0,325.0,3085.0,532.0,3
1700241009,3087.0,315.0,3086.0,531.0,3
1700241009,3088.0,309.0,3086.0,531.0,3
1700241009,3090.0,306.0,3086.0,531.0,0
1700241009,3093.0,304.0,3086.0,531.0,0
1700241009,3094.0,302.0,3086.0,531.0,3
1700241009,3094.0,301.0,3086.0,531.0,3
1700241009,3093.0,300.0,3086.0,531.0,3
1700241009,3093.0,300.0,3083.0,546.0,3
1700241009,3094.0,300.0,3081.0,567.0,3
1700241009,3094.0,299.0,3081.0,568.0,3
1700241009,3094.0,299.0,3081.0,568.0,3
1700241009,3094.0,299.0,3081.0,568.0,3
1700241009,3094.0,299.0,3081.0,568.0,3
1700241009,3093.0,299.0,3081.0,568.0,3
1700241009,3093.0,299.0,3081.0,568.0,3
1700241009,3093.0,299.0,3081.0,568.0,3
1700241009,3094.0,300.0,3081.0,568.0,3
1700241009,3094.0,300.0,3081.0,577.0,3
1700241009,3094.0,300.0,3083.0,582.0,3
1700241009,3094.0,301.0,3083.0,582.0,3
1700241009,3094.0,302.0,3083.0,582.0,3
1700241009,3094.0,303.0,3083.0,582.0,3
1700241009,3094.0,304.0,3083.0,582.0,3
1700241009,3094.0,306.0,3083.0,582.0,3
1700241009,3093.0,307.0,3083.0,582.0,3
1700241009,3093.0,309.0,3083.0,583.0,3
1700241009,3093.0,311.0,3082.0,590.0,3
1700241009,3093.0,312.0,3081.0,592.0,3
1700241009,3092.0,313.0,3081.0,592.0,3
1700241009,3092.0,314.0,3081.0,592.0,3
1700241009,3093.0,316.0,3081.0,592.0,3
1700241009,3094.0,317.0,3081.0,592.0,3
1700241009,3095.0,319.0,3081.0,592.0,3
1700241009,3096.0,320.0,3081.0,592.0,3
1700241009,3097.0,321.0,3081.0,592.0,3
1700241009,3098.0,321.0,3081.0,592.0,3
1700241009,3098.0,322.0,3081.0,594.0,3
1700241009,3099.0,322.0,3087.0,598.0,3
1700241009,3099.0,322.0,3088.0,598.0,3
1700241009,3100.0,322.0,3088.0,598.0,3
1700241009,3101.0,323.0,3088.0,598.0,3
1700241009,3101.0,324.0,3088.0,598.0,3
1700241009,3102.0,324.0,3088.0,598.0,3
1700241009,3102.0,324.0,3088.0,598.0,3
1700241009,3102.0,325.0,3080.0,590.0,3
1700241009,3103.0,326.0,3045.0,577.0,3
1700241009,3103.0,326.0,3016.0,567.0,3
1700241009,3104.0,327.0,2992.0,561.0,3
1700241009,3103.0,327.0,2991.0,561.0,3
1700241009,3101.0,328.0,2998.0,567.0,3
1700241009,3100.0,329.0,3024.0,584.0,3
1700241009,3099.0,330.0,3026.0,585.0,3
1700241009,3098.0,331.0,3026.0,585.0,3
1700241009,3097.0,331.0,3026.0,585.0,3
1700241009,3097.0,331.0,3026.0,585.0,3
1700241009,3053.0,356.0,3026.0,585.0,3
1700241009,3053.0,356.0,3026.0,585.0,3
1700241009,3270.0,321.0,3026.0,585.0,3
1700241009,3208.0,354.0,3026.0,585.0,3
1700241009,3057.0,489.0,3027.0,587.0,3
1700241009,2987.0,696.0,3008.0,637.0,3
1700241009,3054.0,683.0,2990.0,764.0,3
1700241009,2963.0,734.0,2979.0,863.0,3
1700241009,2846.0,891.0,2988.0,913.0,3
1700241009,2769.0,866.0,2996.0,934.0,3
1700241009,2773.0,874.0,2997.0,941.0,3
1700241009,2741.0,866.0,2999.0,947.0,3
1700241009,2735.0,919.0,3005.0,959.0,3
1700241009,2729.0,962.0,3008.0,971.0,3
1700241009,2729.0,984.0,3011.0,975.0,3
1700241009,2725.0,992.0,3011.0,975.0,3
1700241009,2715.0,995.0,3011.0,975.0,3
1700241009,2713.0,994.0,3011.0,975.0,0
1700241009,2720.0,993.0,3011.0,975.0,0
1700241009,2724.0,991.0,3011.0,975.0,0
1700241009,2728.0,991.0,3011.0,975.0,3
1700241009,2730.0,990.0,3011.0,975.0,3
1700241009,2731.0,991.0,3005.0,978.0,3
1700241009,2693.0,993.0,2999.0,975.0,3
1700241009,2624.0,1029.0,2999.0,961.0,3
1700241009,2529.0,1088.0,3004.0,937.0,3
1700241010,2556.0,985.0,3004.0,937.0,3
1700241010,2522.0,987.0,3004.0,937.0,3
1700241010,2453.0,1019.0,3004.0,937.0,3
1700241010,2460.0,998.0,3004.0,937.0,3
1700241010,2405.0,1017.0,3004.0,937.0,3
1700241010,2401.0,1017.0,3027.0,924.0,3
1700241010,2382.0,1032.0,3027.0,922.0,3
1700241010,2090.0,737.0,2385.0,865.0,3
1700241010,2101.0,717.0,2349.0,807.0,3
1700241010,2109.0,701.0,2309.0,739.0,3
1700241010,2120.0,688.0,2263.0,682.0,3
1700241010,2128.0,678.0,2233.0,658.0,3
1700241010,2136.0,665.0,2228.0,652.0,3
1700241010,2140.0,657.0,2228.0,651.0,3
1700241010,2146.0,653.0,2228.0,651.0,3
1700241010,2151.0,650.0,2228.0,651.0,3
1700241010,2162.0,645.0,2228.0,651.0,3
1700241010,2176.0,635.0,2220.0,651.0,3
1700241010,2188.0,627.0,2211.0,651.0,3
1700241010,2195.0,620.0,2197.0,642.0,3
1700241010,2202.0,614.0,2179.0,635.0,3
1700241010,2208.0,610.0,2147.0,626.0,3
1700241010,2212.0,608.0,2134.0,622.0,3
1700241010,2216.0,607.0,2125.0,616.0,3
1700241010,2219.0,607.0,2118.0,609.0,3
1700241010,2155.0,637.0,2109.0,598.0,3
1700241010,2223.0,602.0,2105.0,594.0,3
1700241010,2160.0,634.0,2100.0,590.0,3
1700241010,2162.0,632.0,2097.0,587.0,3
1700241010,2230.0,591.0,2091.0,584.0,3
1700241010,2169.0,619.0,2085.0,579.0,3
1700241010,2169.0,613.0,2078.0,574.0,3
1700241010,2232.0,575.0,2072.0,567.0,3
1700241010,2231.0,571.0,2069.0,563.0,3
1700241010,2167.0,601.0,2067.0,560.0,3
1700241010,2169.0,597.0,2066.0,558.0,3
1700241010,2233.0,561.0,2065.0,556.0,3
1700241010,2176.0,592.0,2064.0,554.0,3
1700241010,2180.0,590.0,2064.0,554.0,3
1700241010,2179.0,588.0,2063.0,551.0,3
1700241010,2179.0,585.0,2063.0,551.0,3
1700241010,2180.0,582.0,2063.0,551.0,3
1700241010,2183.0,580.0,2063.0,551.0,3
1700241010,2183.0,577.0,2063.0,551.0,3
1700241010,2186.0,574.0,2063.0,551.0,3
1700241010,2189.0,571.0,2063.0,551.0,0
1700241010,2192.0,569.0,2063.0,551.0,0
1700241010,2193.0,569.0,2063.0,551.0,0
1700241010,2195.0,568.0,2063.0,551.0,3
1700241010,2196.0,567.0,2063.0,551.0,3
1700241010,2198.0,566.0,2063.0,551.0,3
1700241010,2198.0,565.0,2063.0,550.0,3
1700241010,2200.0,564.0,2063.0,547.0,3
1700241010,2202.0,565.0,2063.0,546.0,3
1700241010,2202.0,564.0,2064.0,545.0,3
1700241010,2201.0,564.0,2064.0,545.0,3
1700241010,2201.0,564.0,2064.0,543.0,3
1700241010,2201.0,564.0,2065.0,542.0,3
1700241010,2201.0,564.0,2066.0,541.0,3
1700241010,2200.0,564.0,2066.0,541.0,3
1700241010,2200.0,564.0,2066.0,541.0,3
1700241010,2200.0,564.0,2066.0,541.0,3
1700241010,2200.0,564.0,2066.0,541.0,3
1700241010,2199.0,564.0,2065.0,542.0,3
1700241010,2199.0,564.0,2065.0,542.0,3
1700241010,2199.0,563.0,2065.0,542.0,3
1700241010,2198.0,563.0,2065.0,542.0,3
1700241010,2241.0,522.0,2065.0,542.0,3
1700241010,2239.0,512.0,2065.0,533.0,3
1700241010,2236.0,499.0,2062.0,514.0,3
1700241010,2233.0,487.0,2049.0,489.0,3
1700241010,2230.0,475.0,2048.0,487.0,3
1700241010,2229.0,466.0,2048.0,487.0,3
1700241010,2227.0,460.0,2048.0,487.0,3
1700241010,2226.0,455.0,2048.0,487.0,3
1700241010,2227.0,452.0,2049.0,486.0,3
1700241010,2229.0,449.0,2052.0,483.0,3
1700241010,2173.0,475.0,2052.0,480.0,3
1700241010,2174.0,475.0,2052.0,480.0,3
1700241010,2233.0,448.0,2052.0,480.0,3
1700241010,2177.0,476.0,2052.0,480.0,3
1700241010,2177.0,476.0,2052.0,480.0,3
1700241010,2235.0,432.0,2052.0,478.0,0
1700241010,2235.0,419.0,2052.0,478.0,0
1700241010,2235.0,407.0,2052.0,478.0,3
1700241010,2233.0,396.0,2052.0,473.0,3
1700241010,2229.0,387.0,2049.0,442.0,3
1700241010,2228.0,382.0,2043.0,417.0,3
1700241010,2225.0,378.0,2038.0,406.0,3
1700241010,2223.0,376.0,2035.0,398.0,3
1700241010,2222.0,374.0,2035.0,391.0,3
1700241010,2221.0,373.0,2033.0,381.0,3
1700241010,2219.0,372.0,2031.0,376.0,3
1700241010,2219.0,370.0,2028.0,370.0,3
1700241010,2218.0,366.0,2024.0,364.0,3
1700241010,2217.0,365.0,2023.0,362.0,3
1700241010,2217.0,363.0,2023.0,362.0,3
1700241010,2215.0,361.0,2023.0,362.0,3
1700241010,2215.0,360.0,2023.0,361.0,3
1700241010,2214.0,358.0,2023.0,361.0,3
1700241010,2213.0,357.0,2023.0,361.0,3
1700241010,2213.0,356.0,2023.0,361.0,3
1700241010,2213.0,355.0,2023.0,361.0,3
1700241010,2213.0,355.0,2023.0,361.0,3
1700241010,2214.0,354.0,2023.0,361.0,3
1700241010,2215.0,353.0,2023.0,361.0,3
1700241010,2216.0,352.0,2023.0,361.0,3
1700241010,2216.0,351.0,2023.0,361.0,3
1700241010,2216.0,350.0,2023.0,363.0,3
1700241010,2217.0,349.0,2023.0,364.0,3
1700241010,2216.0,348.0,2023.0,364.0,3
1700241010,2216.0,348.0,2023.0,364.0,0
1700241010,2216.0,347.0,2023.0,364.0,0
1700241010,2216.0,346.0,2023.0,364.0,0
1700241010,2217.0,345.0,2023.0,364.0,3
1700241010,2217.0,345.0,2023.0,364.0,3
1700241010,2218.0,344.0,2023.0,364.0,3
1700241010,2218.0,343.0,2024.0,366.0,3
1700241010,2219.0,342.0,2025.0,367.0,3
1700241010,2219.0,341.0,2025.0,367.0,3
1700241010,2220.0,341.0,2024.0,367.0,3
1700241010,2221.0,340.0,2024.0,367.0,3
1700241010,2221.0,339.0,2024.0,367.0,3
1700241010,2220.0,338.0,2024.0,367.0,3
1700241010,2221.0,338.0,2028.0,366.0,3
1700241010,2222.0,337.0,2038.0,368.0,3
1700241010,2223.0,337.0,2041.0,368.0,3
1700241010,2223.0,337.0,2041.0,368.0,3
1700241010,2225.0,337.0,2047.0,369.0,3
1700241010,3218.0,900.0,2463.0,703.0,3
1700241010,3247.0,897.0,2481.0,704.0,3
1700241010,3287.0,890.0,2460.0,694.0,3
1700241010,3325.0,884.0,2460.0,694.0,3
1700241011,3357.0,877.0,2460.0,694.0,3
1700241011,3381.0,873.0,2460.0,694.0,3
1700241011,3398.0,869.0,2490.0,718.0,3
1700241011,2662.0,1029.0,2616.0,785.0,3
1700241011,3203.0,615.0,2681.0,1062.0,0
1700241012,2990.0,619.0,2681.0,1062.0,3
1700241012,2563.0,617.0,2681.0,1062.0,3
1700241012,2306.0,607.0,2681.0,1062.0,3
1700241012,2200.0,623.0,2681.0,1062.0,3
1700241012,2327.0,615.0,2681.0,1062.0,3
1700241012,2492.0,587.0,2681.0,1062.0,3
1700241012,2146.0,624.0,2680.0,1061.0,3
1700241013,2140.0,619.0,2680.0,1061.0,3
1700241013,2189.0,610.0,2679.0,1060.0,3
1700241013,2359.0,610.0,2673.0,1059.0,3
1700241013,2362.0,613.0,2661.0,1057.0,3
1700241013,2364.0,620.0,2650.0,1055.0,3
1700241013,2304.0,650.0,2650.0,1055.0,3
1700241013,2339.0,640.0,2641.0,1054.0,3
1700241013,2346.0,688.0,2580.0,1035.0,3
1700241013,-28.0,900.0,31.0,929.0,3
1700241013,-29.0,917.0,31.0,929.0,3
1700241013,6.0,933.0,31.0,929.0,3
1700241013,9.0,944.0,31.0,929.0,3
1700241013,18.0,950.0,31.0,929.0,3
1700241013,22.0,951.0,31.0,929.0,3
1700241013,21.0,953.0,31.0,929.0,0
1700241013,22.0,952.0,31.0,929.0,0
1700241013,25.0,954.0,31.0,929.0,0
1700241013,26.0,956.0,31.0,929.0,3
1700241013,27.0,956.0,33.0,929.0,3
1700241013,27.0,957.0,31.0,923.0,3
1700241013,28.0,957.0,31.0,921.0,3
1700241013,29.0,957.0,31.0,921.0,3
1700241013,30.0,958.0,31.0,921.0,3
1700241013,31.0,959.0,31.0,921.0,3
1700241013,34.0,960.0,31.0,921.0,3
1700241013,34.0,962.0,31.0,921.0,3
1700241013,35.0,965.0,31.0,921.0,3
1700241013,36.0,966.0,37.0,924.0,3
1700241013,37.0,967.0,95.0,929.0,3
1700241013,39.0,967.0,137.0,927.0,3
1700241013,55.0,967.0,219.0,927.0,3
1700241013,208.0,968.0,359.0,911.0,3
1700241013,516.0,971.0,538.0,892.0,3
1700241013,712.0,977.0,659.0,865.0,3
1700241013,809.0,981.0,696.0,840.0,3
1700241013,876.0,968.0,712.0,810.0,3
1700241013,681.0,917.0,883.0,974.0,3
1700241013,729.0,919.0,893.0,931.0,3
1700241013,758.0,921.0,891.0,927.0,3
1700241013,771.0,924.0,891.0,927.0,3
1700241013,780.0,925.0,891.0,927.0,3
1700241013,783.0,926.0,868.0,930.0,3
1700241013,782.0,924.0,844.0,940.0,3
1700241013,782.0,922.0,848.0,942.0,3
1700241013,768.0,921.0,866.0,941.0,3
1700241013,770.0,919.0,887.0,939.0,3
1700241013,772.0,917.0,908.0,936.0,3
1700241013,774.0,916.0,943.0,936.0,3
1700241013,773.0,914.0,986.0,936.0,3
1700241013,774.0,912.0,1021.0,936.0,3
1700241013,775.0,910.0,1041.0,930.0,3
1700241013,775.0,909.0,1053.0,925.0,3
1700241013,776.0,909.0,1070.0,916.0,3
1700241013,777.0,909.0,1087.0,905.0,3
1700241013,772.0,911.0,1100.0,894.0,3
1700241013,765.0,908.0,1104.0,890.0,3
1700241013,762.0,908.0,1105.0,889.0,3
1700241013,753.0,907.0,1105.0,889.0,3
1700241013,743.0,902.0,1105.0,889.0,3
1700241013,740.0,903.0,1105.0,889.0,3
1700241013,737.0,904.0,1105.0,889.0,3
1700241013,736.0,903.0,1105.0,889.0,3
1700241013,736.0,904.0,1105.0,889.0,3
1700241013,735.0,903.0,1105.0,893.0,3
1700241013,729.0,900.0,1104.0,904.0,3
1700241013,720.0,898.0,1104.0,927.0,3
1700241013,723.0,899.0,1109.0,938.0,3
1700241013,723.0,898.0,1112.0,948.0,3
1700241013,716.0,901.0,1108.0,947.0,3
1700241013,716.0,901.0,1099.0,933.0,3
1700241013,699.0,904.0,1089.0,924.0,3
1700241013,708.0,907.0,1089.0,924.0,3
1700241013,715.0,909.0,1088.0,924.0,3
1700241013,722.0,911.0,1085.0,924.0,3
1700241013,731.0,911.0,1085.0,924.0,3
1700241013,732.0,913.0,1091.0,930.0,3
1700241013,743.0,917.0,1091.0,931.0,3
1700241013,752.0,919.0,1091.0,931.0,3
1700241013,761.0,924.0,1091.0,931.0,3
1700241013,768.0,924.0,1091.0,931.0,3
1700241013,775.0,926.0,1091.0,931.0,3
1700241013,784.0,925.0,1091.0,931.0,3
1700241013,852.0,893.0,1091.0,931.0,3
1700241013,1056.0,799.0,1091.0,931.0,3
1700241013,1295.0,712.0,1103.0,932.0,3
1700241013,1424.0,658.0,1192.0,926.0,3
1700241013,1474.0,614.0,1352.0,909.0,3
1700241013,1507.0,602.0,1466.0,892.0,3
1700241013,1529.0,595.0,1569.0,877.0,3
1700241013,1539.0,592.0,1583.0,867.0,3
1700241013,1545.0,612.0,1551.0,868.0,3
1700241013,2936.0,500.0,2116.0,436.0,3
1700241013,2200.0,354.0,2079.0,411.0,3
1700241013,2197.0,322.0,2079.0,411.0,3
1700241013,2192.0,303.0,2079.0,411.0,3
1700241013,2188.0,295.0,2087.0,374.0,3
1700241013,2202.0,274.0,2094.0,320.0,3
1700241013,2195.0,277.0,2098.0,288.0,3
1700241013,2205.0,261.0,2108.0,269.0,3
1700241013,2211.0,252.0,2122.0,241.0,3
1700241014,2199.0,260.0,2126.0,230.0,3
1700241014,2137.0,288.0,2126.0,219.0,3
1700241014,2150.0,282.0,2126.0,216.0,3
1700241014,2162.0,273.0,2126.0,216.0,3
1700241014,2169.0,268.0,2126.0,216.0,3
1700241014,2178.0,262.0,2127.0,223.0,3
1700241014,2183.0,254.0,2129.0,228.0,3
1700241014,2188.0,247.0,2129.0,228.0,3
1700241014,2189.0,244.0,2129.0,228.0,0
1700241014,2191.0,242.0,2129.0,228.0,0
1700241014,2191.0,241.0,2129.0,228.0,0
1700241014,2188.0,243.0,2129.0,228.0,3
1700241014,2186.0,243.0,2129.0,228.0,3
1700241014,2184.0,244.0,2129.0,228.0,3
1700241014,2171.0,258.0,2129.0,228.0,3
1700241014,2044.0,450.0,2129.0,228.0,3
1700241014,1759.0,1005.0,2129.0,228.0,3
1700241014,1603.0,1781.0,2127.0,228.0,3
1700241014,2339.0,413.0,2081.0,197.0,3
1700241014,2333.0,410.0,2081.0,196.0,3
1700241014,2318.0,400.0,2081.0,190.0,3
1700241014,2358.0,395.0,2082.0,188.0,3
1700241014,2329.0,379.0,2082.0,186.0,3
1700241014,2287.0,358.0,2082.0,185.0,3
1700241014,2246.0,335.0,2082.0,185.0,3
1700241014,2209.0,312.0,2082.0,185.0,3
1700241014,2183.0,293.0,2082.0,185.0,3
1700241014,2168.0,280.0,2082.0,185.0,3
1700241014,2153.0,271.0,2082.0,185.0,3
1700241014,2145.0,266.0,2082.0,185.0,3
1700241014,2140.0,260.0,2082.0,185.0,3
1700241014,2139.0,256.0,2082.0,185.0,3
1700241014,2136.0,253.0,2082.0,185.0,0
1700241014,2133.0,250.0,2083.0,184.0,0
1700241014,2130.0,248.0,2083.0,184.0,0
1700241014,2128.0,246.0,2083.0,184.0,0
1700241014,2126.0,242.0,2083.0,184.0,3
1700241014,2125.0,241.0,2083.0,184.0,3
1700241014,2124.0,239.0,2083.0,184.0,3
1700241014,2122.0,237.0,2083.0,184.0,3
1700241014,2120.0,235.0,2083.0,184.0,3
1700241014,2116.0,233.0,2076.0,173.0,3
1700241014,2115.0,230.0,2071.0,171.0,3
1700241014,2116.0,228.0,2068.0,171.0,3
1700241014,2117.0,226.0,2068.0,171.0,3
1700241014,2117.0,225.0,2068.0,171.0,3
1700241014,2116.0,224.0,2068.0,171.0,3
1700241014,2116.0,224.0,2068.0,171.0,3
1700241014,2118.0,223.0,2068.0,171.0,3
1700241014,3054.0,176.0,3491.0,153.0,3
1700241014,3153.0,167.0,3470.0,170.0,3
1700241014,3254.0,160.0,3445.0,184.0,3
1700241014,3326.0,155.0,3439.0,189.0,3
1700241014,3368.0,152.0,3439.0,189.0,3
1700241014,3394.0,151.0,3439.0,189.0,3
1700241014,3409.0,153.0,3439.0,189.0,3
1700241014,3418.0,153.0,3439.0,189.0,3
1700241014,3410.0,158.0,3439.0,189.0,0
1700241014,3401.0,162.0,3439.0,189.0,0
1700241014,3395.0,165.0,3439.0,189.0,0
1700241014,3391.0,168.0,3439.0,189.0,3
1700241014,3388.0,170.0,3439.0,189.0,3
1700241014,3385.0,172.0,3439.0,189.0,3
1700241014,3383.0,174.0,3458.0,193.0,3
1700241014,3380.0,176.0,3497.0,199.0,3
1700241014,3377.0,178.0,3523.0,200.0,3
1700241014,3375.0,180.0,3531.0,200.0,3
1700241014,3372.0,183.0,3532.0,200.0,3
1700241014,3370.0,185.0,3540.0,200.0,3
1700241014,3369.0,187.0,3543.0,200.0,3
1700241014,3368.0,187.0,3545.0,200.0,3
1700241014,3366.0,189.0,3545.0,200.0,0
1700241014,3365.0,190.0,3545.0,200.0,0
1700241014,3376.0,191.0,3545.0,200.0,0
1700241014,3395.0,192.0,3545.0,200.0,3
1700241014,3415.0,192.0,3545.0,200.0,3
1700241014,3433.0,193.0,3547.0,200.0,3
1700241014,3450.0,193.0,3585.0,194.0,3
1700241014,3464.0,193.0,3632.0,186.0,3
1700241014,3474.0,194.0,3657.0,180.0,3
1700241014,3481.0,194.0,3662.0,178.0,3
1700241014,3488.0,195.0,3663.0,173.0,3
1700241014,3493.0,196.0,3665.0,169.0,3
1700241014,3496.0,197.0,3666.0,167.0,3
1700241014,3497.0,197.0,3666.0,165.0,3
1700241014,3497.0,199.0,3665.0,162.0,3
1700241014,3505.0,197.0,3663.0,160.0,3
1700241014,3518.0,193.0,3663.0,160.0,3
1700241014,3531.0,190.0,3663.0,160.0,3
1700241014,3542.0,186.0,3663.0,160.0,3
1700241014,3552.0,184.0,3663.0,160.0,3
1700241014,3560.0,181.0,3663.0,158.0,0
1700241014,3565.0,179.0,3663.0,158.0,0
1700241014,3569.0,178.0,3663.0,158.0,0
1700241014,3572.0,178.0,3663.0,158.0,0
1700241014,3575.0,178.0,3663.0,158.0,3
1700241014,3576.0,178.0,3652.0,160.0,3
1700241014,3578.0,178.0,3642.0,160.0,3
1700241014,3578.0,178.0,3640.0,160.0,3
1700241014,3578.0,178.0,3639.0,160.0,3
1700241014,3578.0,178.0,3639.0,160.0,3
1700241014,3578.0,178.0,3639.0,160.0,3
1700241014,3579.0,178.0,3639.0,160.0,3
1700241014,3579.0,178.0,3639.0,160.0,3
1700241014,3579.0,178.0,3639.0,160.0,3
1700241014,3579.0,178.0,3639.0,160.0,3
1700241014,3579.0,179.0,3639.0,160.0,3
1700241014,3579.0,179.0,3641.0,160.0,3
1700241014,3579.0,179.0,3652.0,167.0,3
1700241014,3579.0,178.0,3652.0,167.0,3
1700241014,3579.0,178.0,3652.0,167.0,3
1700241014,3580.0,177.0,3652.0,167.0,3
1700241014,3579.0,178.0,3652.0,167.0,3
1700241014,2175.0,589.0,2349.0,409.0,3
1700241014,2885.0,264.0,2152.0,387.0,3
1700241015,2690.0,301.0,2152.0,387.0,3
1700241015,2435.0,347.0,2152.0,387.0,3
1700241015,2329.0,366.0,2152.0,387.0,3
1700241015,2284.0,370.0,2152.0,387.0,3
1700241015,2262.0,371.0,2152.0,387.0,3
1700241015,2250.0,371.0,2152.0,387.0,3
1700241015,2242.0,371.0,2152.0,387.0,3
1700241015,2239.0,371.0,2152.0,387.0,3
1700241015,2229.0,372.0,2152.0,387.0,3
1700241015,2222.0,372.0,2152.0,387.0,3
1700241015,2218.0,372.0,2152.0,387.0,3
1700241015,2214.0,373.0,2152.0,387.0,3
1700241015,2209.0,374.0,2152.0,387.0,3
1700241015,2208.0,373.0,2152.0,387.0,3
1700241015,2210.0,372.0,2152.0,387.0,3
1700241015,2212.0,371.0,2152.0,387.0,3
1700241015,2213.0,371.0,2152.0,387.0,3
1700241015,2214.0,370.0,2152.0,387.0,3
1700241015,2215.0,370.0,2152.0,387.0,3
1700241015,2215.0,370.0,2152.0,387.0,3
1700241015,2216.0,370.0,2152.0,387.0,3
1700241015,2218.0,369.0,2152.0,387.0,3
1700241015,2223.0,368.0,2152.0,387.0,3
1700241015,2228.0,367.0,2152.0,387.0,3
1700241015,2234.0,366.0,2152.0,387.0,3
1700241015,2240.0,365.0,2152.0,387.0,3
1700241015,2245.0,365.0,2152.0,387.0,3
1700241015,2250.0,364.0,2152.0,387.0,3
1700241015,2254.0,364.0,2152.0,387.0,3
1700241015,2256.0,364.0,2152.0,387.0,3
1700241015,2258.0,364.0,2152.0,387.0,3
1700241015,2264.0,363.0,2152.0,387.0,3
1700241015,2274.0,363.0,2152.0,387.0,3
1700241015,2283.0,364.0,2152.0,387.0,3
1700241015,2290.0,363.0,2152.0,387.0,3
1700241015,2297.0,362.0,2152.0,387.0,3
1700241015,2302.0,360.0,2152.0,387.0,3
1700241015,2308.0,358.0,2152.0,387.0,3
1700241015,2312.0,358.0,2152.0,387.0,3
1700241015,2316.0,357.0,2152.0,387.0,3
1700241015,2319.0,357.0,2152.0,387.0,3
1700241015,2321.0,356.0,2152.0,387.0,3
1700241015,2314.0,358.0,2152.0,387.0,3
1700241016,2290.0,365.0,2152.0,387.0,3
1700241016,2248.0,378.0,2152.0,387.0,3
1700241016,2202.0,393.0,2152.0,387.0,3
1700241016,2169.0,404.0,2152.0,387.0,3
1700241016,2145.0,412.0,2150.0,387.0,3
1700241016,2132.0,422.0,2126.0,426.0,3
1700241016,2124.0,426.0,2113.0,449.0,3
1700241016,2118.0,431.0,2110.0,453.0,3
1700241016,2116.0,434.0,2110.0,453.0,3
1700241016,2114.0,436.0,2109.0,456.0,3
1700241016,2113.0,437.0,2109.0,456.0,3
1700241016,2111.0,438.0,2109.0,456.0,3
1700241016,2111.0,440.0,2106.0,460.0,3
1700241016,2111.0,440.0,2106.0,470.0,3
1700241016,2112.0,440.0,2106.0,474.0,3
1700241016,2113.0,440.0,2106.0,477.0,3
1700241016,2114.0,441.0,2106.0,477.0,3
1700241016,2115.0,442.0,2107.0,478.0,3
1700241016,2114.0,443.0,2107.0,478.0,3
1700241016,2112.0,445.0,2107.0,478.0,3
1700241016,2110.0,446.0,2107.0,478.0,3
1700241016,2110.0,447.0,2107.0,478.0,3
1700241016,2109.0,448.0,2107.0,478.0,3
1700241016,2108.0,448.0,2107.0,478.0,3
1700241016,2107.0,450.0,2107.0,478.0,3
1700241016,2106.0,450.0,2107.0,478.0,3
1700241016,2106.0,450.0,2107.0,478.0,3
1700241016,2105.0,451.0,2107.0,478.0,3
1700241016,2104.0,452.0,2107.0,478.0,3
1700241016,2103.0,452.0,2107.0,478.0,3
1700241016,2092.0,547.0,2107.0,478.0,3
1700241017,980.0,323.0,1411.0,492.0,3
1700241018,726.0,277.0,1411.0,492.0,3
1700241018,569.0,263.0,1425.0,500.0,3
1700241018,487.0,264.0,1444.0,508.0,3
1700241018,435.0,261.0,1451.0,509.0,3
1700241018,416.0,252.0,1455.0,510.0,3
1700241018,400.0,254.0,1457.0,510.0,3
1700241018,385.0,260.0,1473.0,510.0,3
1700241018,381.0,264.0,1492.0,510.0,3
1700241018,380.0,267.0,1508.0,510.0,3
1700241018,383.0,271.0,1546.0,510.0,3
1700241018,385.0,275.0,1607.0,510.0,3
1700241018,400.0,280.0,1664.0,512.0,3
1700241018,492.0,291.0,1680.0,514.0,3
1700241018,877.0,349.0,1680.0,514.0,3
1700241018,1261.0,410.0,1680.0,514.0,3
1700241018,1446.0,440.0,1681.0,515.0,3
1700241018,1516.0,453.0,1681.0,517.0,3
1700241018,1544.0,457.0,1682.0,518.0,3
1700241018,1552.0,463.0,1683.0,519.0,3
1700241018,1563.0,467.0,1685.0,520.0,3
1700241018,1587.0,468.0,1690.0,520.0,3
1700241018,1605.0,468.0,1697.0,520.0,3
1700241018,1614.0,470.0,1700.0,520.0,3
1700241018,1621.0,469.0,1700.0,520.0,3
1700241018,1623.0,468.0,1699.0,519.0,3
1700241018,1623.0,467.0,1699.0,519.0,3
1700241018,1624.0,465.0,1699.0,519.0,3
1700241018,1625.0,463.0,1699.0,519.0,0
1700241018,1627.0,462.0,1699.0,519.0,0
1700241018,1629.0,462.0,1699.0,519.0,0
1700241018,1630.0,462.0,1699.0,519.0,0
1700241018,1630.0,463.0,1699.0,519.0,3
1700241018,1630.0,463.0,1699.0,519.0,3
1700241019,1630.0,464.0,1699.0,519.0,3
1700241019,1630.0,465.0,1697.0,519.0,3
1700241019,1630.0,465.0,1690.0,519.0,3
1700241019,1630.0,466.0,1684.0,513.0,3
1700241019,1630.0,466.0,1696.0,496.0,3
1700241019,1630.0,466.0,1696.0,496.0,3
1700241019,1597.0,459.0,1696.0,496.0,3
1700241019,1330.0,403.0,1696.0,496.0,3
1700241019,886.0,322.0,1696.0,496.0,3
1700241019,621.0,275.0,1698.0,496.0,3
1700241019,505.0,262.0,1649.0,517.0,3
1700241019,477.0,255.0,1601.0,534.0,3
1700241019,469.0,249.0,1535.0,558.0,3
1700241019,454.0,245.0,1501.0,569.0,3
1700241019,443.0,246.0,1477.0,579.0,3
1700241019,438.0,247.0,1466.0,585.0,3
1700241019,430.0,252.0,1456.0,593.0,3
1700241019,423.0,259.0,1446.0,604.0,3
1700241019,418.0,265.0,1443.0,618.0,3
1700241019,414.0,268.0,1443.0,631.0,3
1700241019,426.0,272.0,1443.0,638.0,3
1700241019,495.0,292.0,1443.0,647.0,3
1700241019,843.0,398.0,1441.0,653.0,3
1700241019,1215.0,496.0,1439.0,654.0,3
1700241019,1370.0,542.0,1438.0,655.0,3
1700241019,1407.0,577.0,1438.0,655.0,3
1700241019,1426.0,592.0,1438.0,655.0,3
1700241019,1432.0,599.0,1438.0,655.0,3
1700241019,1436.0,602.0,1438.0,655.0,3
1700241019,1440.0,605.0,1438.0,655.0,3
1700241019,1441.0,607.0,1438.0,655.0,3
1700241019,1438.0,607.0,1439.0,654.0,3
1700241019,1435.0,605.0,1439.0,654.0,0
1700241020,1434.0,605.0,1439.0,653.0,0
1700241020,1433.0,604.0,1439.0,653.0,0
1700241020,1432.0,603.0,1439.0,653.0,0
1700241020,1431.0,602.0,1439.0,653.0,3
1700241020,1431.0,601.0,1439.0,653.0,3
1700241020,1430.0,600.0,1439.0,653.0,3
1700241020,1429.0,600.0,1439.0,653.0,3
1700241020,1430.0,599.0,1439.0,653.0,3
1700241020,1430.0,599.0,1439.0,653.0,3
1700241020,1430.0,598.0,1439.0,653.0,3
1700241020,1430.0,598.0,1439.0,653.0,3
1700241020,1400.0,586.0,1439.0,653.0,3
1700241020,1153.0,496.0,1460.0,652.0,3
1700241020,831.0,371.0,1494.0,652.0,3
1700241020,623.0,312.0,1550.0,652.0,3
1700241020,526.0,290.0,1591.0,652.0,3
1700241020,488.0,281.0,1606.0,650.0,3
1700241020,470.0,278.0,1611.0,648.0,3
1700241020,462.0,280.0,1617.0,646.0,3
1700241020,457.0,284.0,1623.0,646.0,3
1700241020,458.0,288.0,1627.0,645.0,3
1700241020,459.0,291.0,1627.0,645.0,3
1700241020,458.0,293.0,1627.0,645.0,3
1700241020,476.0,294.0,1627.0,645.0,3
1700241020,537.0,302.0,1627.0,645.0,3
1700241020,881.0,393.0,1627.0,645.0,3
1700241020,1291.0,523.0,1627.0,645.0,3
1700241020,1495.0,590.0,1627.0,645.0,0
1700241021,1568.0,615.0,1627.0,645.0,0
1700241021,1593.0,623.0,1627.0,645.0,0
1700241021,1598.0,628.0,1627.0,645.0,0
1700241021,1601.0,631.0,1627.0,645.0,3
1700241021,1604.0,634.0,1627.0,645.0,3
1700241021,1609.0,633.0,1627.0,645.0,3
1700241021,1614.0,631.0,1627.0,645.0,3
1700241021,1617.0,629.0,1627.0,645.0,3
1700241021,1620.0,628.0,1628.0,646.0,3
1700241021,1621.0,628.0,1628.0,648.0,3
1700241021,1621.0,627.0,1631.0,650.0,3
1700241021,1622.0,627.0,1636.0,650.0,3
1700241021,1622.0,627.0,1651.0,644.0,3
1700241021,1596.0,618.0,1654.0,642.0,3
1700241021,1340.0,535.0,1658.0,648.0,3
1700241021,910.0,397.0,1664.0,653.0,3
1700241021,678.0,320.0,1664.0,657.0,3
1700241021,584.0,296.0,1661.0,664.0,3
1700241021,550.0,286.0,1661.0,664.0,3
1700241021,528.0,280.0,1658.0,663.0,3
1700241021,515.0,274.0,1641.0,656.0,3
1700241021,491.0,271.0,1613.0,646.0,3
1700241021,465.0,268.0,1613.0,646.0,3
1700241021,449.0,268.0,1609.0,649.0,3
1700241021,438.0,267.0,1598.0,657.0,3
1700241021,432.0,268.0,1584.0,664.0,3
1700241021,431.0,269.0,1571.0,669.0,3
1700241021,425.0,269.0,1565.0,677.0,3
1700241021,420.0,271.0,1586.0,682.0,3
1700241021,416.0,271.0,1679.0,664.0,3
1700241021,413.0,274.0,1819.0,655.0,3
1700241023,3739.0,199.0,2366.0,618.0,3
1700241023,3481.0,231.0,2365.0,617.0,3
1700241023,3226.0,262.0,2365.0,617.0,3
1700241023,3126.0,272.0,2365.0,617.0,3
1700241023,3094.0,274.0,2365.0,617.0,3
1700241023,3087.0,275.0,2365.0,617.0,3
1700241023,3086.0,277.0,2365.0,617.0,3
1700241023,3086.0,280.0,2365.0,617.0,3
1700241023,3086.0,282.0,2365.0,617.0,3
1700241023,3086.0,284.0,2365.0,617.0,3
1700241023,3086.0,285.0,2365.0,617.0,3
1700241023,3086.0,285.0,2365.0,619.0,3
1700241023,3086.0,285.0,2366.0,627.0,3
1700241023,3086.0,285.0,2367.0,629.0,3
1700241023,3085.0,284.0,2368.0,634.0,3
1700241024,3085.0,284.0,2370.0,638.0,3
1700241024,3085.0,284.0,2372.0,641.0,3
1700241024,3085.0,285.0,2374.0,644.0,3
1700241024,3086.0,286.0,2377.0,645.0,3
1700241024,3086.0,286.0,2380.0,645.0,3
1700241024,3086.0,287.0,2390.0,642.0,3
1700241024,3086.0,287.0,2412.0,635.0,3
1700241024,3086.0,288.0,2453.0,615.0,3
1700241024,3086.0,289.0,2464.0,603.0,3
1700241024,3103.0,286.0,2466.0,598.0,3
1700241024,3373.0,240.0,2463.0,595.0,3
1700241024,3349.0,244.0,2455.0,595.0,3
1700241024,3353.0,237.0,2453.0,596.0,3
1700241024,3364.0,232.0,2467.0,610.0,3
1700241024,3375.0,227.0,2537.0,629.0,3
1700241024,2684.0,453.0,2599.0,630.0,3
1700241025,3552.0,317.0,3583.0,409.0,3
1700241025,3561.0,323.0,3581.0,406.0,3
1700241025,3568.0,332.0,3581.0,403.0,3
1700241025,3572.0,344.0,3581.0,403.0,3
1700241025,3574.0,354.0,3581.0,402.0,3
1700241025,3572.0,362.0,3581.0,401.0,3
1700241025,3571.0,367.0,3581.0,401.0,3
1700241025,3568.0,370.0,3581.0,401.0,3
1700241025,3567.0,373.0,3581.0,401.0,3
1700241025,3564.0,375.0,3581.0,401.0,0
1700241025,3563.0,378.0,3581.0,401.0,0
1700241025,3562.0,380.0,3581.0,401.0,0
1700241025,3562.0,381.0,3581.0,401.0,0
1700241025,3562.0,382.0,3581.0,401.0,3
1700241025,3562.0,385.0,3581.0,401.0,3
1700241025,3561.0,386.0,3581.0,401.0,3
1700241025,3561.0,387.0,3583.0,406.0,3
1700241025,3557.0,391.0,3583.0,408.0,3
1700241025,3552.0,395.0,3583.0,409.0,3
1700241025,3548.0,399.0,3583.0,409.0,3
1700241025,3545.0,402.0,3583.0,409.0,3
1700241026,3542.0,406.0,3583.0,409.0,3
1700241026,3539.0,408.0,3583.0,409.0,3
1700241026,3537.0,411.0,3586.0,409.0,3
1700241026,3535.0,413.0,3594.0,415.0,3
1700241026,3536.0,414.0,3598.0,422.0,3
1700241026,3538.0,415.0,3599.0,424.0,3
1700241026,3538.0,417.0,3599.0,426.0,3
1700241026,3539.0,417.0,3599.0,427.0,3
1700241026,3540.0,418.0,3599.0,427.0,3
1700241026,3540.0,418.0,3599.0,428.0,3
1700241026,3541.0,419.0,3598.0,429.0,3
1700241026,3541.0,420.0,3598.0,429.0,3
1700241026,3542.0,420.0,3598.0,429.0,3
1700241026,3542.0,421.0,3598.0,429.0,3
1700241026,3542.0,422.0,3598.0,429.0,3
1700241026,3521.0,414.0,3598.0,429.0,3
1700241026,3366.0,365.0,3598.0,429.0,3
1700241026,3125.0,292.0,3598.0,429.0,3
1700241026,2979.0,246.0,3598.0,429.0,3
1700241026,2909.0,224.0,3598.0,429.0,3
1700241026,2871.0,215.0,3598.0,429.0,3
1700241026,2853.0,209.0,3598.0,429.0,3
1700241026,2845.0,206.0,3598.0,429.0,3
1700241026,2840.0,203.0,3598.0,429.0,3
1700241026,2840.0,203.0,3598.0,429.0,3
1700241026,2841.0,204.0,3599.0,428.0,3
1700241026,2874.0,213.0,3599.0,428.0,3
1700241026,3033.0,266.0,3599.0,428.0,3
1700241026,3261.0,343.0,3599.0,428.0,3
1700241026,3399.0,390.0,3599.0,428.0,3
1700241026,3469.0,415.0,3599.0,428.0,3
1700241026,3504.0,426.0,3599.0,428.0,3
1700241026,3519.0,433.0,3599.0,428.0,3
1700241026,3525.0,437.0,3599.0,429.0,3
1700241027,3529.0,439.0,3599.0,429.0,3
1700241027,3531.0,443.0,3599.0,429.0,3
1700241027,3534.0,443.0,3599.0,429.0,3
1700241027,3535.0,444.0,3599.0,429.0,3
1700241027,3537.0,445.0,3599.0,431.0,3
1700241027,3539.0,443.0,3599.0,431.0,3
1700241027,3539.0,442.0,3599.0,432.0,3
1700241027,3540.0,442.0,3599.0,433.0,3
1700241027,3540.0,442.0,3599.0,434.0,3
1700241027,3540.0,442.0,3599.0,434.0,3
1700241027,3540.0,442.0,3599.0,434.0,3
1700241027,3540.0,442.0,3599.0,434.0,3
1700241027,3541.0,442.0,3599.0,434.0,0
1700241027,3541.0,442.0,3599.0,434.0,0
1700241027,3541.0,442.0,3599.0,434.0,3
1700241027,3542.0,442.0,3599.0,434.0,3
1700241027,3542.0,441.0,3599.0,436.0,3
1700241027,3542.0,441.0,3607.0,437.0,3
1700241027,3542.0,440.0,3615.0,439.0,3
1700241027,3542.0,440.0,3617.0,440.0,3
1700241027,3543.0,440.0,3618.0,441.0,3
1700241027,3543.0,439.0,3618.0,443.0,3
1700241027,3543.0,439.0,3617.0,444.0,3
1700241027,3544.0,439.0,3614.0,444.0,3
1700241027,3541.0,438.0,3612.0,444.0,3
1700241027,3532.0,437.0,3612.0,444.0,3
1700241027,3519.0,435.0,3612.0,444.0,3
1700241027,3506.0,434.0,3612.0,444.0,0
1700241027,3494.0,433.0,3612.0,444.0,0
1700241027,3484.0,433.0,3612.0,444.0,0
1700241027,3476.0,433.0,3612.0,444.0,3
1700241027,3469.0,433.0,3612.0,444.0,3
1700241027,3464.0,434.0,3612.0,444.0,3
1700241028,3471.0,437.0,3612.0,444.0,3
1700241028,3479.0,439.0,3611.0,453.0,3
1700241028,3486.0,441.0,3620.0,467.0,3
1700241028,3496.0,445.0,3627.0,474.0,3
1700241028,3507.0,449.0,3628.0,477.0,3
1700241028,3517.0,452.0,3628.0,479.0,3
1700241028,3526.0,455.0,3627.0,482.0,3
1700241028,3529.0,460.0,3627.0,482.0,3
1700241028,3529.0,463.0,3625.0,483.0,3
1700241028,3535.0,463.0,3623.0,484.0,3
1700241028,3545.0,461.0,3622.0,485.0,3
1700241028,3548.0,462.0,3619.0,488.0,3
1700241028,3558.0,460.0,3617.0,489.0,3
1700241028,3559.0,461.0,3616.0,490.0,3
1700241028,3566.0,460.0,3614.0,491.0,3
1700241028,3562.0,463.0,3614.0,491.0,3
1700241028,3559.0,466.0,3613.0,493.0,3
1700241028,3559.0,467.0,3613.0,493.0,3
1700241028,3566.0,465.0,3613.0,493.0,3
1700241028,3571.0,464.0,3613.0,493.0,3
1700241028,3567.0,467.0,3613.0,493.0,3
1700241028,3566.0,468.0,3613.0,493.0,3
1700241028,3569.0,468.0,3610.0,495.0,3
1700241028,3569.0,469.0,3610.0,495.0,3
1700241028,3572.0,469.0,3609.0,496.0,3
1700241028,3571.0,470.0,3609.0,496.0,3
1700241028,3577.0,467.0,3608.0,498.0,3
1700241028,3585.0,465.0,3608.0,498.0,3
1700241028,3592.0,462.0,3608.0,498.0,3
1700241028,3598.0,461.0,3608.0,498.0,3
1700241028,3603.0,458.0,3608.0,498.0,3
1700241028,3607.0,457.0,3608.0,498.0,3
1700241028,3609.0,457.0,3608.0,498.0,0
1700241029,3612.0,457.0,3608.0,498.0,0
1700241029,3614.0,456.0,3608.0,498.0,0
1700241029,3615.0,455.0,3608.0,498.0,3
1700241029,3616.0,455.0,3608.0,498.0,3
1700241029,3616.0,456.0,3605.0,498.0,3
1700241029,3617.0,457.0,3572.0,504.0,3
1700241029,3615.0,458.0,3473.0,524.0,3
1700241029,3604.0,462.0,3374.0,553.0,3
1700241029,3528.0,479.0,3263.0,587.0,3
1700241029,3318.0,523.0,3185.0,608.0,3
1700241029,3125.0,555.0,3135.0,615.0,3
1700241029,3025.0,576.0,3090.0,623.0,3
1700241029,2979.0,592.0,3069.0,625.0,3
1700241029,2954.0,600.0,3046.0,629.0,3
1700241029,2940.0,607.0,3041.0,630.0,3
1700241029,2935.0,614.0,3041.0,630.0,3
1700241029,2940.0,618.0,3034.0,630.0,3
1700241029,2952.0,619.0,3026.0,630.0,3
1700241029,2969.0,612.0,3022.0,630.0,3
1700241030,2984.0,399.0,2985.0,615.0,3
1700241030,2983.0,391.0,2985.0,615.0,3
1700241030,2982.0,382.0,2985.0,615.0,3
1700241030,2981.0,373.0,2985.0,615.0,3
1700241030,2996.0,362.0,2985.0,615.0,3
1700241030,3024.0,351.0,2985.0,615.0,3
1700241030,3029.0,349.0,2985.0,615.0,3
1700241030,3050.0,344.0,2984.0,615.0,3
1700241030,3026.0,346.0,2984.0,615.0,3
1700241030,2995.0,345.0,2984.0,615.0,3
1700241030,2960.0,344.0,2984.0,615.0,3
1700241031,2929.0,342.0,2982.0,615.0,3
1700241031,2905.0,356.0,2964.0,615.0,3
1700241032,3285.0,480.0,3712.0,518.0,3
1700241032,3326.0,498.0,3708.0,547.0,3
1700241032,3377.0,521.0,3695.0,569.0,3
1700241032,3424.0,539.0,3688.0,578.0,3
1700241032,3459.0,550.0,3684.0,582.0,3
1700241032,3507.0,574.0,3679.0,586.0,3
1700241032,3562.0,639.0,3665.0,588.0,3
1700241032,3596.0,667.0,3650.0,588.0,3
1700241032,3558.0,627.0,3646.0,588.0,3
1700241032,3565.0,629.0,3645.0,588.0,3
1700241032,3571.0,621.0,3641.0,587.0,3
1700241032,3574.0,609.0,3638.0,585.0,3
1700241032,3577.0,598.0,3634.0,579.0,3
1700241032,3581.0,588.0,3634.0,578.0,3
1700241032,3585.0,582.0,3634.0,577.0,3
1700241032,3588.0,575.0,3634.0,573.0,3
1700241032,3590.0,571.0,3634.0,572.0,3
1700241032,3592.0,565.0,3634.0,572.0,3
1700241032,3593.0,560.0,3634.0,572.0,0
1700241033,3591.0,559.0,3634.0,572.0,0
1700241033,3589.0,558.0,3634.0,571.0,0
1700241033,3588.0,557.0,3634.0,571.0,3
1700241033,3587.0,556.0,3634.0,571.0,3
1700241033,3585.0,555.0,3638.0,584.0,3
1700241033,3585.0,554.0,3643.0,597.0,3
1700241033,3583.0,553.0,3649.0,607.0,3
1700241033,3582.0,552.0,3653.0,614.0,3
1700241033,3581.0,552.0,3657.0,623.0,3
1700241033,3580.0,551.0,3662.0,632.0,3
1700241033,3580.0,550.0,3663.0,633.0,3
1700241033,3579.0,550.0,3663.0,633.0,3
1700241033,3578.0,549.0,3663.0,633.0,0
1700241033,3574.0,547.0,3663.0,633.0,0
1700241033,3571.0,544.0,3663.0,633.0,0
1700241033,3567.0,542.0,3663.0,633.0,3
1700241033,3564.0,539.0,3659.0,630.0,3
1700241033,3561.0,536.0,3656.0,623.0,3
1700241033,3559.0,534.0,3654.0,611.0,3
1700241033,3558.0,532.0,3654.0,607.0,3
1700241033,3556.0,530.0,3654.0,606.0,3
1700241033,3555.0,528.0,3654.0,606.0,3
1700241033,3554.0,527.0,3654.0,606.0,3
1700241033,3554.0,527.0,3654.0,606.0,3
1700241033,3553.0,525.0,3654.0,606.0,3
1700241033,3552.0,524.0,3654.0,606.0,3
1700241033,3552.0,522.0,3654.0,606.0,3
1700241033,3551.0,521.0,3654.0,606.0,3
1700241033,3524.0,524.0,3654.0,605.0,3
1700241033,3327.0,552.0,3654.0,603.0,3
1700241033,2915.0,619.0,3652.0,602.0,3
1700241034,2524.0,685.0,3614.0,605.0,3
1700241034,2329.0,709.0,3515.0,637.0,3
1700241034,2253.0,739.0,3398.0,672.0,3
1700241034,2071.0,760.0,3017.0,722.0,3
1700241034,2100.0,761.0,2570.0,745.0,3
1700241034,2130.0,760.0,2329.0,780.0,3
1700241034,2145.0,760.0,2235.0,807.0,3
1700241034,2161.0,757.0,2208.0,826.0,3
1700241034,2181.0,751.0,2227.0,810.0,3
1700241034,2198.0,746.0,2237.0,792.0,3
1700241034,2211.0,745.0,2237.0,792.0,3
1700241034,2220.0,745.0,2237.0,792.0,3
1700241034,2227.0,745.0,2237.0,792.0,3
1700241034,2233.0,746.0,2237.0,792.0,3
1700241034,2235.0,745.0,2237.0,792.0,3
1700241034,2236.0,744.0,2237.0,792.0,3
1700241034,2241.0,745.0,2241.0,787.0,3
1700241034,2243.0,744.0,2242.0,786.0,3
1700241036,2230.0,735.0,2252.0,796.0,3
1700241036,2230.0,733.0,2252.0,796.0,3
1700241036,2230.0,730.0,2252.0,796.0,3
1700241036,2230.0,728.0,2252.0,796.0,3
1700241036,2232.0,723.0,2252.0,796.0,3
1700241036,2235.0,721.0,2252.0,796.0,3
1700241036,2245.0,719.0,2252.0,796.0,3
1700241036,2255.0,716.0,2252.0,796.0,3
1700241036,2264.0,713.0,2252.0,796.0,3
1700241036,2272.0,710.0,2252.0,796.0,3
1700241036,2278.0,706.0,2252.0,796.0,3
1700241036,2286.0,706.0,2252.0,796.0,3
1700241036,2289.0,705.0,2252.0,796.0,3
1700241036,2278.0,707.0,2252.0,796.0,3
1700241036,2264.0,709.0,2252.0,796.0,3
1700241036,2241.0,711.0,2252.0,796.0,3
1700241036,2216.0,713.0,2252.0,796.0,3
1700241036,2192.0,714.0,2252.0,796.0,3
1700241036,2171.0,718.0,2252.0,796.0,3
1700241036,2156.0,718.0,2252.0,796.0,3
1700241036,2145.0,716.0,2252.0,796.0,3
1700241036,2091.0,716.0,2252.0,796.0,3
1700241037,1641.0,581.0,1684.0,641.0,3
1700241037,1518.0,533.0,1684.0,641.0,3
1700241037,1179.0,407.0,1684.0,641.0,3
1700241037,867.0,313.0,1684.0,641.0,3
1700241037,736.0,265.0,1684.0,641.0,3
1700241037,692.0,242.0,1684.0,641.0,3
1700241037,659.0,229.0,1661.0,648.0,3
1700241037,627.0,226.0,1652.0,650.0,3
1700241037,569.0,228.0,1642.0,652.0,3
1700241037,514.0,223.0,1632.0,652.0,3
1700241037,480.0,226.0,1624.0,651.0,3
1700241037,459.0,231.0,1620.0,650.0,3
1700241037,450.0,235.0,1614.0,649.0,3
1700241038,442.0,241.0,1605.0,647.0,3
1700241038,432.0,246.0,1603.0,646.0,3
1700241038,420.0,252.0,1618.0,650.0,3
1700241038,444.0,255.0,1632.0,657.0,3
1700241038,480.0,254.0,1632.0,657.0,3
1700241038,577.0,253.0,1626.0,662.0,3
1700241038,679.0,253.0,1625.0,665.0,3
1700241038,752.0,257.0,1647.0,662.0,3
1700241038,796.0,261.0,1761.0,660.0,3
1700241038,823.0,266.0,1958.0,651.0,3
1700241038,875.0,277.0,2181.0,649.0,3
1700241038,1048.0,320.0,2322.0,670.0,3
1700241038,1371.0,406.0,2412.0,701.0,3
1700241038,1807.0,582.0,2414.0,721.0,3
1700241041,2162.0,783.0,2303.0,786.0,3
1700241041,2163.0,784.0,2318.0,823.0,3
1700241043,2306.0,872.0,2350.0,924.0,0
1700241043,2309.0,874.0,2350.0,924.0,0
1700241043,2313.0,880.0,2350.0,924.0,3
1700241043,2265.0,875.0,2350.0,924.0,3
1700241043,2270.0,881.0,2352.0,925.0,3
1700241043,2272.0,887.0,2367.0,939.0,3
1700241043,2277.0,892.0,2378.0,946.0,3
1700241043,2283.0,898.0,2380.0,948.0,3
1700241043,2295.0,902.0,2381.0,949.0,3
1700241043,2297.0,902.0,2381.0,956.0,3
1700241043,2302.0,906.0,2381.0,962.0,3
1700241043,2309.0,911.0,2381.0,964.0,3
1700241043,2308.0,914.0,2381.0,967.0,3
1700241043,2308.0,917.0,2381.0,968.0,3
1700241043,2307.0,920.0,2381.0,968.0,3
1700241043,2305.0,922.0,2381.0,968.0,3
1700241043,2313.0,933.0,2381.0,968.0,3
1700241043,2319.0,942.0,2381.0,968.0,3
1700241043,2322.0,948.0,2381.0,968.0,3
1700241043,2325.0,951.0,2381.0,968.0,0
1700241043,2328.0,956.0,2381.0,968.0,0
1700241043,2330.0,963.0,2381.0,968.0,0
1700241043,2331.0,966.0,2381.0,968.0,3
1700241043,2329.0,969.0,2381.0,968.0,3
1700241043,2327.0,972.0,2381.0,971.0,3
1700241043,2326.0,976.0,2380.0,974.0,3
1700241043,2323.0,980.0,2380.0,974.0,3
1700241043,2324.0,983.0,2380.0,974.0,3
1700241043,2326.0,986.0,2380.0,977.0,3
1700241043,2353.0,970.0,2381.0,980.0,3
1700241043,2354.0,971.0,2383.0,981.0,3
1700241044,2334.0,988.0,2383.0,982.0,3
1700241044,2334.0,988.0,2383.0,982.0,3
1700241044,2332.0,990.0,2383.0,982.0,3
1700241044,2329.0,993.0,2383.0,982.0,3
1700241044,2382.0,981.0,2383.0,983.0,3
1700241044,2592.0,929.0,2402.0,995.0,3
1700241044,2793.0,862.0,2447.0,997.0,3
1700241044,2910.0,823.0,2542.0,984.0,3
1700241044,2944.0,974.0,3036.0,823.0,3
1700241044,2949.0,977.0,3052.0,823.0,3
1700241045,2938.0,993.0,3075.0,821.0,3
1700241045,2921.0,1020.0,3093.0,819.0,3
1700241045,2900.0,1043.0,3106.0,819.0,3
1700241045,2885.0,1061.0,3112.0,819.0,3
1700241045,2873.0,1073.0,3114.0,811.0,3
1700241045,2882.0,1069.0,3091.0,802.0,3
1700241045,2896.0,1048.0,3085.0,803.0,3
1700241045,2943.0,991.0,3085.0,803.0,3
1700241045,3030.0,910.0,3085.0,803.0,3
1700241045,3061.0,865.0,3080.0,813.0,3
1700241045,3051.0,852.0,3076.0,822.0,3
1700241045,3045.0,843.0,3075.0,825.0,3
1700241045,3055.0,828.0,3075.0,825.0,3
1700241045,3053.0,795.0,3075.0,825.0,3
1700241045,3041.0,775.0,3075.0,825.0,3
1700241045,3045.0,759.0,3075.0,825.0,3
1700241045,3023.0,760.0,3075.0,825.0,3
1700241045,3011.0,759.0,3075.0,825.0,3
1700241045,3004.0,756.0,3075.0,825.0,3
1700241045,2999.0,753.0,3075.0,825.0,3
1700241045,2994.0,752.0,3075.0,825.0,3
1700241045,2992.0,751.0,3075.0,825.0,3
1700241045,3006.0,750.0,3074.0,825.0,3
1700241045,3027.0,748.0,3071.0,825.0,3
1700241045,3047.0,746.0,3071.0,825.0,3
1700241045,3063.0,746.0,3071.0,825.0,3
1700241045,3079.0,743.0,3071.0,825.0,3
1700241045,3091.0,741.0,3071.0,825.0,3
1700241045,3101.0,740.0,3071.0,826.0,3
1700241045,3103.0,739.0,3072.0,827.0,3
1700241045,3101.0,738.0,3073.0,822.0,3
1700241045,3099.0,737.0,3073.0,788.0,3
1700241045,3093.0,735.0,3056.0,731.0,3
1700241046,3071.0,716.0,3049.0,691.0,3
1700241046,3029.0,671.0,3048.0,670.0,3
1700241046,2991.0,630.0,3043.0,650.0,3
1700241046,2966.0,601.0,3036.0,636.0,3
1700241046,2947.0,588.0,3034.0,634.0,3
1700241046,2951.0,588.0,3034.0,634.0,3
1700241046,2941.0,576.0,3032.0,634.0,3
1700241046,2898.0,509.0,3029.0,632.0,3
1700241046,2869.0,441.0,3015.0,629.0,3
1700241046,2849.0,381.0,2996.0,622.0,3
1700241046,2835.0,342.0,2991.0,621.0,3
1700241046,2831.0,319.0,2987.0,621.0,3
1700241046,2826.0,308.0,2984.0,621.0,3
1700241046,2823.0,304.0,2984.0,621.0,3
1700241046,2842.0,296.0,2984.0,621.0,0
1700241046,2868.0,289.0,2984.0,621.0,0
1700241046,2865.0,293.0,2984.0,621.0,0
1700241046,2872.0,297.0,2984.0,621.0,3
1700241046,2878.0,300.0,2984.0,621.0,3
1700241046,2882.0,302.0,2984.0,621.0,3
1700241046,2886.0,304.0,2983.0,620.0,3
1700241046,2888.0,305.0,2984.0,619.0,3
1700241046,2889.0,306.0,2984.0,619.0,3
1700241046,2892.0,306.0,2984.0,619.0,3
1700241046,2893.0,305.0,2984.0,619.0,3
1700241046,2894.0,305.0,2984.0,619.0,3
1700241046,2896.0,306.0,2984.0,619.0,3
1700241046,2896.0,306.0,2984.0,619.0,3
1700241046,2891.0,306.0,2984.0,619.0,3
1700241046,2882.0,304.0,2984.0,619.0,3
1700241046,2891.0,309.0,2984.0,619.0,3
1700241048,2985.0,575.0,3002.0,809.0,3
1700241048,2977.0,628.0,3002.0,809.0,3
1700241048,2965.0,694.0,3002.0,809.0,3
1700241048,2952.0,746.0,3000.0,812.0,3
1700241048,2945.0,773.0,2995.0,812.0,3
1700241048,2938.0,793.0,2989.0,813.0,3
1700241048,2937.0,805.0,2980.0,817.0,3
1700241048,2939.0,809.0,2969.0,825.0,3
1700241048,2939.0,812.0,2966.0,828.0,3
1700241048,2942.0,811.0,2964.0,829.0,3
1700241048,2945.0,810.0,2964.0,829.0,3
1700241048,2946.0,812.0,2964.0,829.0,3
1700241048,2945.0,813.0,2964.0,829.0,0
1700241048,2944.0,814.0,2964.0,829.0,0
1700241048,2945.0,814.0,2964.0,829.0,0
1700241049,2944.0,816.0,2964.0,829.0,0
1700241049,2943.0,815.0,2964.0,829.0,3
1700241049,2942.0,815.0,2964.0,829.0,3
1700241049,2942.0,816.0,2976.0,830.0,3
1700241049,2943.0,815.0,3016.0,839.0,3
1700241049,2943.0,816.0,3056.0,849.0,3
1700241049,2943.0,817.0,3107.0,857.0,3
1700241049,2943.0,817.0,3122.0,858.0,3
1700241049,2949.0,819.0,3123.0,857.0,3
1700241049,2972.0,824.0,3123.0,857.0,3
1700241049,2998.0,831.0,3122.0,854.0,3
1700241049,3022.0,834.0,3119.0,850.0,3
1700241049,3045.0,835.0,3118.0,846.0,3
1700241049,3063.0,839.0,3114.0,839.0,3
1700241049,3076.0,839.0,3112.0,835.0,3
1700241049,3084.0,838.0,3110.0,833.0,3
1700241049,3089.0,835.0,3110.0,831.0,3
1700241049,3091.0,834.0,3110.0,831.0,3
1700241049,3094.0,832.0,3111.0,830.0,3
1700241049,3096.0,832.0,3113.0,830.0,3
1700241049,3097.0,831.0,3115.0,830.0,3
1700241049,3093.0,820.0,3117.0,830.0,3
1700241049,3051.0,691.0,3118.0,830.0,3
1700241049,2985.0,472.0,3120.0,830.0,3
1700241049,2947.0,349.0,3122.0,829.0,3
1700241049,2929.0,297.0,3122.0,829.0,3
1700241049,2922.0,271.0,3122.0,829.0,3
1700241049,2919.0,260.0,3122.0,829.0,3
1700241049,2918.0,254.0,3123.0,829.0,3
1700241049,2917.0,250.0,3126.0,829.0,3
1700241049,2937.0,253.0,3127.0,829.0,3
1700241049,2952.0,259.0,3128.0,829.0,3
1700241049,2962.0,263.0,3128.0,829.0,3
1700241050,2968.0,265.0,3128.0,829.0,3
1700241050,2973.0,266.0,3128.0,829.0,3
1700241050,2976.0,267.0,3128.0,829.0,3
1700241050,2977.0,269.0,3128.0,829.0,3
1700241050,2979.0,271.0,3128.0,829.0,3
1700241050,2980.0,272.0,3128.0,829.0,3
1700241050,2980.0,274.0,3128.0,829.0,3
1700241050,2981.0,274.0,3128.0,829.0,3
1700241050,2981.0,275.0,3128.0,829.0,0
1700241050,2982.0,275.0,3128.0,829.0,0
1700241050,2984.0,275.0,3128.0,829.0,0
1700241050,2984.0,276.0,3128.0,829.0,3
1700241050,2988.0,277.0,3128.0,829.0,3
1700241050,2997.0,278.0,3128.0,829.0,3
1700241050,3007.0,280.0,3131.0,836.0,3
1700241050,3016.0,282.0,3132.0,849.0,3
1700241050,3019.0,292.0,3124.0,858.0,3
1700241050,3003.0,396.0,3106.0,862.0,3
1700241050,2983.0,583.0,3070.0,867.0,3
1700241050,2960.0,707.0,3026.0,873.0,3
1700241050,2952.0,763.0,2998.0,878.0,3
1700241050,2949.0,787.0,2991.0,878.0,3
1700241050,2953.0,799.0,2990.0,878.0,3
1700241050,2958.0,811.0,2990.0,878.0,3
1700241050,2963.0,819.0,2990.0,878.0,3
1700241050,2965.0,826.0,2988.0,877.0,3
1700241050,2963.0,834.0,2985.0,874.0,3
1700241050,2963.0,837.0,2983.0,872.0,3
1700241050,2961.0,843.0,2980.0,871.0,3
1700241050,2960.0,846.0,2979.0,870.0,3
1700241050,2962.0,848.0,2979.0,870.0,3
1700241050,2961.0,849.0,2977.0,870.0,3
1700241050,2961.0,850.0,2976.0,869.0,3
1700241051,2962.0,853.0,2976.0,869.0,3
1700241051,2962.0,853.0,2976.0,869.0,3
1700241051,2963.0,851.0,2976.0,869.0,0
1700241051,2962.0,851.0,2976.0,869.0,0
1700241051,2962.0,852.0,2976.0,869.0,0
1700241051,2962.0,852.0,2976.0,869.0,3
1700241051,2962.0,851.0,2976.0,869.0,3
1700241051,2961.0,851.0,3002.0,866.0,3
1700241051,2962.0,851.0,3045.0,866.0,3
1700241051,2961.0,850.0,3078.0,868.0,3
1700241051,2962.0,850.0,3091.0,868.0,3
1700241051,2970.0,851.0,3101.0,868.0,3
1700241051,2989.0,854.0,3116.0,868.0,3
1700241051,3010.0,857.0,3135.0,868.0,3
1700241051,3032.0,859.0,3143.0,868.0,3
1700241051,3051.0,859.0,3145.0,868.0,3
1700241051,3064.0,861.0,3145.0,868.0,3
1700241051,3074.0,863.0,3145.0,868.0,3
1700241051,3081.0,865.0,3145.0,868.0,3
1700241051,3088.0,866.0,3145.0,868.0,3
1700241051,3096.0,866.0,3145.0,868.0,3
1700241051,3102.0,867.0,3145.0,868.0,3
1700241051,3105.0,869.0,3145.0,868.0,0
1700241051,3109.0,870.0,3145.0,868.0,0
1700241051,3113.0,871.0,3145.0,868.0,0
1700241051,3115.0,872.0,3145.0,868.0,3
1700241051,3115.0,872.0,3145.0,868.0,3
1700241051,3116.0,873.0,3115.0,880.0,3
1700241051,3117.0,873.0,3069.0,898.0,3
1700241051,3118.0,871.0,3024.0,913.0,3
1700241051,3114.0,872.0,3004.0,917.0,3
1700241051,3089.0,875.0,2999.0,918.0,3
1700241051,3046.0,883.0,2992.0,918.0,3
1700241052,3005.0,891.0,2981.0,918.0,3
1700241052,2987.0,895.0,2977.0,918.0,3
1700241052,2975.0,892.0,2977.0,918.0,3
1700241052,2965.0,890.0,2976.0,918.0,3
1700241052,2959.0,892.0,2976.0,918.0,3
1700241052,2955.0,891.0,2972.0,918.0,3
1700241052,2953.0,889.0,2969.0,916.0,3
1700241052,2954.0,889.0,2967.0,916.0,3
1700241053,3204.0,857.0,3475.0,842.0,3
1700241053,3234.0,850.0,3480.0,842.0,3
1700241053,3277.0,840.0,3487.0,839.0,3
1700241053,3317.0,834.0,3501.0,831.0,3
1700241054,3354.0,828.0,3510.0,825.0,3
1700241054,3387.0,820.0,3511.0,824.0,3
1700241054,3408.0,815.0,3511.0,824.0,3
1700241054,3424.0,810.0,3508.0,821.0,3
1700241054,3421.0,807.0,3458.0,812.0,3
1700241054,3376.0,793.0,3365.0,799.0,3
1700241054,3301.0,766.0,3255.0,771.0,3
1700241054,3226.0,739.0,3081.0,720.0,3
1700241054,3168.0,718.0,3020.0,695.0,3
1700241054,3129.0,703.0,3048.0,686.0,3
1700241054,3099.0,696.0,3068.0,675.0,3
1700241054,3050.0,674.0,3069.0,668.0,3
1700241054,3013.0,656.0,3069.0,657.0,3
1700241054,2989.0,649.0,3069.0,645.0,3
1700241054,2976.0,641.0,3067.0,640.0,3
1700241054,2968.0,641.0,3064.0,636.0,3
1700241054,2956.0,617.0,3045.0,626.0,3
1700241054,2919.0,519.0,3019.0,621.0,3
1700241054,2881.0,420.0,3009.0,620.0,3
1700241054,2865.0,362.0,2987.0,616.0,3
1700241054,2851.0,334.0,2974.0,613.0,3
1700241054,2846.0,321.0,2969.0,609.0,3
1700241054,2844.0,313.0,2966.0,608.0,3
1700241054,2843.0,309.0,2966.0,608.0,3
1700241054,2842.0,306.0,2966.0,608.0,3
1700241054,2841.0,304.0,2966.0,608.0,3
1700241054,2839.0,302.0,2966.0,608.0,3
1700241054,2839.0,301.0,2966.0,608.0,3
1700241054,2838.0,299.0,2966.0,608.0,3
1700241054,2838.0,298.0,2966.0,607.0,0
1700241054,2837.0,298.0,2966.0,607.0,0
1700241054,2837.0,297.0,2966.0,607.0,0
1700241054,2840.0,296.0,2966.0,607.0,0
1700241054,2844.0,296.0,2966.0,607.0,3
1700241054,2846.0,296.0,2966.0,607.0,3
1700241055,2849.0,295.0,2966.0,607.0,3
1700241055,2851.0,294.0,2966.0,607.0,3
1700241055,2853.0,293.0,2966.0,607.0,3
1700241055,2854.0,293.0,2966.0,607.0,3
1700241055,2856.0,292.0,2966.0,607.0,3
1700241055,2857.0,292.0,2966.0,607.0,3
1700241055,2859.0,291.0,2966.0,607.0,3
1700241055,2859.0,292.0,2966.0,607.0,3
1700241055,2859.0,292.0,2966.0,607.0,3
1700241055,2859.0,292.0,2966.0,607.0,3
1700241055,2860.0,293.0,2966.0,607.0,3
1700241055,2860.0,293.0,2966.0,607.0,3
1700241055,2860.0,294.0,2966.0,607.0,3
1700241055,2861.0,295.0,2966.0,607.0,3
1700241055,2861.0,295.0,2966.0,607.0,3
1700241055,2861.0,296.0,2966.0,607.0,3
1700241055,2862.0,296.0,2966.0,607.0,3
1700241055,2862.0,296.0,2967.0,606.0,3
1700241055,2863.0,296.0,2967.0,606.0,3
1700241055,2863.0,297.0,2967.0,606.0,3
1700241055,2863.0,299.0,2967.0,606.0,3
1700241055,2864.0,300.0,2973.0,604.0,3
1700241055,2865.0,301.0,2980.0,600.0,3
1700241055,2870.0,310.0,2982.0,599.0,3
1700241055,2888.0,348.0,2982.0,599.0,3
1700241055,2905.0,399.0,2982.0,599.0,3
1700241055,2917.0,437.0,2982.0,599.0,3
1700241055,2924.0,462.0,2983.0,604.0,3
1700241055,2930.0,476.0,2983.0,613.0,3
1700241055,2933.0,483.0,2986.0,618.0,3
1700241055,2929.0,482.0,2986.0,618.0,3
1700241055,2917.0,463.0,2986.0,618.0,3
1700241055,2913.0,454.0,2986.0,618.0,3
1700241056,2904.0,434.0,2986.0,618.0,3
1700241056,2892.0,410.0,2987.0,619.0,3
1700241056,2882.0,389.0,2987.0,619.0,3
1700241056,2905.0,395.0,2987.0,619.0,0
1700241056,2909.0,376.0,2987.0,619.0,0
1700241056,2882.0,333.0,2987.0,619.0,0
1700241056,2881.0,316.0,2987.0,619.0,0
1700241056,2880.0,306.0,2987.0,619.0,3
1700241056,2880.0,299.0,2987.0,619.0,3
1700241056,2879.0,294.0,2987.0,619.0,3
1700241056,2880.0,291.0,2986.0,620.0,3
1700241056,2881.0,288.0,2986.0,620.0,3
1700241056,2881.0,287.0,2986.0,620.0,3
1700241056,2881.0,286.0,2986.0,620.0,3
1700241056,2881.0,285.0,2986.0,620.0,3
1700241056,2882.0,284.0,2986.0,620.0,3
1700241056,2881.0,283.0,2986.0,620.0,3
1700241056,2876.0,287.0,2986.0,620.0,3
1700241056,2870.0,291.0,2986.0,620.0,3
1700241056,2862.0,296.0,2986.0,620.0,3
1700241056,2854.0,303.0,2986.0,620.0,3
1700241056,2848.0,342.0,2986.0,620.0,3
1700241057,3313.0,679.0,3536.0,821.0,3
1700241057,3350.0,702.0,3536.0,823.0,3
1700241057,3385.0,728.0,3536.0,823.0,3
1700241057,3409.0,749.0,3536.0,823.0,3
1700241057,3409.0,767.0,3536.0,823.0,3
1700241057,3411.0,779.0,3536.0,823.0,3
1700241057,3412.0,786.0,3536.0,823.0,3
1700241057,3413.0,790.0,3536.0,823.0,3
1700241057,3413.0,794.0,3536.0,823.0,3
1700241057,3414.0,797.0,3538.0,823.0,3
1700241057,3414.0,798.0,3538.0,823.0,3
1700241057,3414.0,801.0,3538.0,823.0,0
1700241057,3413.0,803.0,3538.0,823.0,0
1700241057,3413.0,805.0,3538.0,823.0,0
1700241057,3414.0,806.0,3538.0,823.0,3
1700241057,3415.0,805.0,3538.0,823.0,3
1700241058,3415.0,806.0,3538.0,823.0,3
1700241058,3415.0,806.0,3541.0,821.0,3
1700241058,3415.0,806.0,3579.0,819.0,3
1700241058,3414.0,808.0,3623.0,819.0,3
1700241058,3419.0,808.0,3657.0,814.0,3
1700241058,3425.0,808.0,3676.0,811.0,3
1700241058,3431.0,809.0,3702.0,806.0,3
1700241058,3435.0,810.0,3712.0,801.0,3
1700241058,3436.0,809.0,3713.0,800.0,3
1700241058,3434.0,805.0,3713.0,800.0,3
1700241058,3432.0,801.0,3713.0,800.0,3
1700241058,3430.0,797.0,3713.0,800.0,3
1700241058,3427.0,790.0,3713.0,800.0,3
1700241058,3424.0,783.0,3713.0,800.0,3
1700241058,3421.0,777.0,3713.0,800.0,3
1700241058,3418.0,773.0,3713.0,800.0,3
1700241058,3416.0,770.0,3713.0,800.0,3
1700241058,3417.0,767.0,3713.0,800.0,3
1700241058,3434.0,764.0,3713.0,800.0,3
1700241058,3451.0,761.0,3713.0,800.0,3
1700241058,3464.0,759.0,3713.0,800.0,3
1700241058,3476.0,756.0,3713.0,800.0,3
1700241058,3486.0,754.0,3713.0,800.0,3
1700241058,3494.0,754.0,3713.0,800.0,3
1700241058,3497.0,755.0,3713.0,800.0,3
1700241058,3500.0,755.0,3713.0,800.0,3
1700241058,3499.0,755.0,3713.0,800.0,3
1700241058,3496.0,756.0,3713.0,800.0,3
1700241058,3494.0,756.0,3713.0,800.0,3
1700241058,3517.0,749.0,3713.0,800.0,3
1700241058,3531.0,744.0,3713.0,800.0,3
1700241058,3520.0,749.0,3713.0,800.0,3
1700241058,3514.0,751.0,3713.0,800.0,3
1700241059,3509.0,753.0,3713.0,800.0,3
1700241059,3498.0,757.0,3713.0,800.0,3
1700241059,3449.0,740.0,3713.0,800.0,3
1700241059,3261.0,632.0,3713.0,800.0,3
1700241059,3044.0,492.0,3713.0,800.0,3
1700241059,2936.0,413.0,3713.0,800.0,3
1700241059,2886.0,376.0,3713.0,800.0,3
1700241059,2865.0,356.0,3713.0,800.0,3
1700241059,2857.0,345.0,3713.0,800.0,3
1700241059,2821.0,334.0,3713.0,800.0,3
1700241059,2783.0,321.0,3713.0,800.0,3
1700241059,2758.0,311.0,3713.0,800.0,3
1700241059,2746.0,305.0,3713.0,800.0,3
1700241059,2739.0,300.0,3713.0,800.0,3
1700241059,2737.0,294.0,3713.0,800.0,3
1700241059,2735.0,285.0,3713.0,800.0,3
1700241059,2736.0,280.0,3713.0,800.0,3
1700241059,2737.0,274.0,3713.0,800.0,3
1700241059,2738.0,268.0,3713.0,800.0,3
1700241059,2739.0,265.0,3713.0,800.0,3
1700241059,2741.0,262.0,3713.0,800.0,3
1700241059,2746.0,262.0,3713.0,800.0,3
1700241059,2797.0,294.0,3713.0,800.0,3
1700241059,3063.0,520.0,3713.0,800.0,3
1700241059,3308.0,744.0,3713.0,800.0,3
1700241059,3420.0,834.0,3713.0,800.0,3
1700241059,3462.0,871.0,3713.0,800.0,3
1700241059,3479.0,883.0,3713.0,800.0,3
1700241059,3485.0,888.0,3713.0,800.0,3
1700241059,3488.0,889.0,3713.0,800.0,3
1700241059,3487.0,891.0,3713.0,800.0,3
1700241059,3487.0,890.0,3713.0,800.0,3
1700241059,3484.0,893.0,3713.0,800.0,3
1700241060,3471.0,898.0,3713.0,800.0,3
1700241060,3412.0,911.0,3713.0,800.0,3
1700241060,3347.0,923.0,3713.0,800.0,3
1700241060,3251.0,941.0,3713.0,800.0,3
1700241060,3119.0,952.0,3713.0,800.0,3
1700241060,3030.0,958.0,3713.0,800.0,3
1700241060,2977.0,964.0,3713.0,800.0,3
1700241060,2948.0,967.0,3713.0,800.0,3
1700241060,2942.0,963.0,3713.0,800.0,3
1700241060,2949.0,961.0,3713.0,800.0,3
1700241060,2951.0,968.0,3713.0,800.0,3
1700241060,2949.0,976.0,3713.0,800.0,3
1700241060,2948.0,980.0,3713.0,800.0,3
1700241060,2949.0,981.0,3713.0,800.0,3
1700241060,2949.0,981.0,3713.0,800.0,3
1700241060,2949.0,981.0,3713.0,800.0,3
1700241060,2951.0,980.0,3713.0,800.0,3
1700241060,2952.0,981.0,3713.0,800.0,3
1700241060,3001.0,967.0,3713.0,800.0,3
1700241060,3159.0,925.0,3713.0,800.0,3
1700241060,3297.0,886.0,3713.0,800.0,3
1700241060,3384.0,862.0,3713.0,800.0,3
1700241060,3432.0,849.0,3713.0,800.0,3
1700241060,3461.0,841.0,3713.0,800.0,3
1700241060,3477.0,838.0,3713.0,800.0,3
1700241060,3499.0,831.0,3713.0,800.0,3
1700241060,3528.0,824.0,3713.0,800.0,3
1700241060,3535.0,820.0,3713.0,800.0,3
1700241060,3551.0,816.0,3713.0,800.0,3
1700241060,3535.0,821.0,3713.0,800.0,3
1700241060,3527.0,825.0,3713.0,800.0,3
1700241060,3525.0,826.0,3713.0,800.0,3
1700241060,3523.0,826.0,3713.0,800.0,3
1700241061,3522.0,827.0,3713.0,800.0,3
1700241061,3509.0,829.0,3713.0,800.0,3
1700241061,3494.0,833.0,3713.0,800.0,3
1700241061,3479.0,837.0,3713.0,800.0,3
1700241061,3467.0,838.0,3713.0,800.0,3
1700241061,3456.0,842.0,3713.0,800.0,3
1700241061,3447.0,843.0,3713.0,800.0,3
1700241061,3440.0,846.0,3713.0,800.0,3
1700241061,3433.0,850.0,3713.0,800.0,3
1700241061,3427.0,853.0,3713.0,800.0,3
1700241061,3426.0,835.0,3713.0,800.0,3
1700241061,3363.0,676.0,3713.0,800.0,3
1700241061,3124.0,455.0,3713.0,800.0,3
1700241061,3000.0,346.0,3713.0,800.0,3
1700241061,2951.0,300.0,3713.0,800.0,3
1700241061,2935.0,281.0,3713.0,800.0,3
1700241061,2925.0,274.0,3713.0,800.0,3
1700241061,2918.0,272.0,3713.0,800.0,3
1700241061,2912.0,266.0,3713.0,800.0,3
1700241061,2902.0,252.0,3713.0,800.0,3
1700241061,2897.0,244.0,3713.0,800.0,3
1700241061,2893.0,237.0,3713.0,800.0,3
1700241061,2892.0,232.0,3713.0,800.0,3
1700241061,2891.0,228.0,3713.0,800.0,3
1700241061,2890.0,227.0,3713.0,800.0,3
1700241061,2890.0,226.0,3713.0,800.0,3
1700241061,2890.0,228.0,3713.0,800.0,3
1700241061,2890.0,233.0,3713.0,800.0,3
1700241061,2891.0,235.0,3713.0,800.0,3
1700241061,2891.0,238.0,3713.0,800.0,3
1700241061,2891.0,241.0,3713.0,800.0,3
1700241061,2913.0,282.0,3713.0,800.0,3
1700241062,3321.0,759.0,3713.0,800.0,3
1700241063,3346.0,786.0,3713.0,800.0,3
1700241063,3336.0,772.0,3713.0,800.0,3
1700241063,3368.0,813.0,3713.0,800.0,3
1700241063,3392.0,845.0,3713.0,800.0,3
1700241063,3412.0,864.0,3713.0,800.0,3
1700241063,3423.0,875.0,3713.0,800.0,3
1700241063,3429.0,883.0,3713.0,800.0,3
1700241063,3433.0,889.0,3713.0,800.0,3
1700241063,3435.0,893.0,3713.0,800.0,3
1700241063,3435.0,898.0,3713.0,800.0,3
1700241063,3436.0,900.0,3713.0,800.0,3
1700241063,3436.0,900.0,3713.0,800.0,3
1700241063,3435.0,902.0,3713.0,800.0,3
1700241063,3436.0,900.0,3713.0,800.0,3
1700241063,3436.0,898.0,3713.0,800.0,3
1700241063,3437.0,896.0,3713.0,800.0,3
1700241063,3438.0,895.0,3713.0,800.0,3
1700241063,3438.0,894.0,3713.0,800.0,3
1700241063,3438.0,892.0,3713.0,800.0,3
1700241063,3439.0,891.0,3713.0,800.0,3
1700241063,3439.0,889.0,3713.0,800.0,3
1700241063,3440.0,887.0,3713.0,800.0,3
1700241063,3437.0,887.0,3713.0,800.0,3
1700241063,3434.0,886.0,3713.0,800.0,3
1700241063,3430.0,887.0,3713.0,800.0,3
1700241063,3426.0,887.0,3713.0,800.0,3
1700241063,3423.0,887.0,3713.0,800.0,3
1700241063,3418.0,888.0,3713.0,800.0,3
1700241063,3415.0,888.0,3713.0,800.0,3
1700241063,3415.0,888.0,3713.0,800.0,3
1700241063,3429.0,887.0,3713.0,800.0,3
1700241063,3433.0,887.0,3713.0,800.0,3
1700241063,3436.0,887.0,3713.0,800.0,3
1700241063,3440.0,888.0,3713.0,800.0,3
1700241063,3445.0,888.0,3713.0,800.0,3
1700241063,3449.0,888.0,3713.0,800.0,3
1700241064,3449.0,889.0,3713.0,800.0,3
1700241064,3448.0,891.0,3713.0,800.0,3
1700241064,3448.0,892.0,3713.0,800.0,3
1700241064,3448.0,892.0,3713.0,800.0,3
1700241064,3417.0,853.0,3713.0,800.0,3
1700241064,3237.0,632.0,3713.0,800.0,3
1700241064,3055.0,426.0,3713.0,800.0,3
1700241064,2975.0,332.0,3713.0,800.0,3
1700241064,2944.0,293.0,3713.0,800.0,3
1700241064,2933.0,279.0,3713.0,800.0,3
1700241064,2927.0,271.0,3713.0,800.0,3
1700241064,2926.0,264.0,3713.0,800.0,3
1700241064,2962.0,256.0,3713.0,800.0,3
1700241064,3047.0,236.0,3713.0,800.0,3
1700241064,3099.0,230.0,3713.0,800.0,3
1700241064,3116.0,235.0,3713.0,800.0,3
1700241064,3085.0,248.0,3713.0,800.0,3
1700241064,3073.0,253.0,3713.0,800.0,3
1700241064,3058.0,259.0,3713.0,800.0,3
1700241064,3040.0,264.0,3713.0,800.0,3
1700241064,3026.0,269.0,3713.0,800.0,3
1700241064,3015.0,272.0,3713.0,800.0,3
1700241064,3009.0,275.0,3713.0,800.0,3
1700241066,3351.0,770.0,3713.0,800.0,3
1700241066,3379.0,795.0,3713.0,800.0,3
1700241066,3440.0,828.0,3713.0,800.0,3
1700241066,3448.0,840.0,3713.0,800.0,3
1700241066,3400.0,811.0,3713.0,800.0,3
1700241066,3272.0,699.0,3713.0,800.0,3
1700241066,3111.0,572.0,3713.0,800.0,3
1700241066,3016.0,488.0,3713.0,800.0,3
1700241066,2969.0,448.0,3713.0,800.0,3
1700241066,2949.0,423.0,3713.0,800.0,3
1700241066,2939.0,412.0,3713.0,800.0,3
1700241066,2936.0,427.0,3713.0,800.0,3
1700241066,2936.0,440.0,3713.0,800.0,3
1700241066,2938.0,449.0,3713.0,800.0,3
1700241066,2940.0,454.0,3713.0,800.0,3
1700241066,2941.0,456.0,3713.0,800.0,3
1700241066,2943.0,456.0,3713.0,800.0,3
1700241066,2943.0,458.0,3713.0,800.0,3
1700241066,2946.0,460.0,3713.0,800.0,3
1700241066,3008.0,516.0,3713.0,800.0,3
1700241066,3168.0,675.0,3713.0,800.0,3
1700241066,3289.0,788.0,3713.0,800.0,3
1700241067,3347.0,845.0,3713.0,800.0,3
1700241067,3376.0,872.0,3713.0,800.0,3
1700241067,3392.0,884.0,3713.0,800.0,3
1700241067,3401.0,892.0,3713.0,800.0,3
1700241067,3402.0,896.0,3713.0,800.0,3
1700241067,3443.0,902.0,3713.0,800.0,3
1700241067,3475.0,906.0,3713.0,800.0,3
1700241067,3470.0,914.0,3713.0,800.0,3
1700241067,3466.0,921.0,3713.0,800.0,3
1700241067,3465.0,923.0,3713.0,800.0,3
1700241067,3462.0,924.0,3713.0,800.0,3
1700241067,3460.0,924.0,3713.0,800.0,3
1700241067,3458.0,925.0,3713.0,800.0,3
1700241067,3461.0,924.0,3713.0,800.0,3
1700241067,3466.0,914.0,3713.0,800.0,3
1700241067,3474.0,901.0,3713.0,800.0,3
1700241067,3484.0,884.0,3713.0,800.0,3
1700241067,3493.0,869.0,3713.0,800.0,3
1700241067,3500.0,858.0,3713.0,800.0,3
1700241067,3496.0,870.0,3713.0,800.0,3
1700241067,3493.0,878.0,3713.0,800.0,3
1700241067,3490.0,885.0,3713.0,800.0,3
1700241067,3486.0,894.0,3713.0,800.0,3
1700241067,3483.0,904.0,3713.0,800.0,3
1700241067,3479.0,912.0,3713.0,800.0,3
1700241067,3474.0,922.0,3713.0,800.0,3
1700241067,3471.0,929.0,3713.0,800.0,3
1700241067,3469.0,934.0,3713.0,800.0,3
1700241067,3468.0,939.0,3713.0,800.0,3
1700241067,3467.0,942.0,3713.0,800.0,3
1700241067,3470.0,938.0,3713.0,800.0,3
1700241067,3474.0,929.0,3713.0,800.0,3
1700241067,3484.0,904.0,3713.0,800.0,3
1700241068,3500.0,872.0,3713.0,800.0,3
1700241068,3511.0,849.0,3713.0,800.0,3
1700241068,3521.0,830.0,3713.0,800.0,3
1700241068,3525.0,818.0,3713.0,800.0,3
1700241068,3530.0,808.0,3713.0,800.0,3
1700241068,3531.0,802.0,3713.0,800.0,3
1700241068,3536.0,796.0,3713.0,800.0,3
1700241068,3540.0,791.0,3713.0,800.0,3
1700241068,3544.0,789.0,3713.0,800.0,3
1700241068,3547.0,786.0,3713.0,800.0,3
1700241068,3548.0,785.0,3713.0,800.0,3
1700241068,3549.0,784.0,3713.0,800.0,3
1700241070,3489.0,768.0,3713.0,800.0,3
1700241070,3487.0,767.0,3713.0,800.0,3
1700241070,3483.0,766.0,3713.0,800.0,3
1700241070,3480.0,764.0,3713.0,800.0,3
1700241070,3475.0,762.0,3713.0,800.0,3
1700241070,3472.0,761.0,3713.0,800.0,3
1700241070,3473.0,760.0,3713.0,800.0,3
1700241070,3474.0,760.0,3713.0,800.0,3
1700241070,3475.0,759.0,3713.0,800.0,3
1700241070,3476.0,758.0,3713.0,800.0,3
1700241070,3478.0,758.0,3713.0,800.0,3
1700241070,3478.0,758.0,3713.0,800.0,3
1700241070,3460.0,742.0,3713.0,800.0,3
1700241070,3327.0,651.0,3713.0,800.0,3
1700241070,3115.0,525.0,3713.0,800.0,3
1700241070,2994.0,452.0,3713.0,800.0,3
1700241070,2939.0,416.0,3713.0,800.0,3
1700241070,2920.0,403.0,3713.0,800.0,3
1700241070,2908.0,396.0,3713.0,800.0,3
1700241070,2907.0,398.0,3713.0,800.0,3
1700241070,2924.0,410.0,3713.0,800.0,3
1700241070,2935.0,417.0,3713.0,800.0,3
1700241070,2942.0,422.0,3713.0,800.0,3
1700241070,2946.0,424.0,3713.0,800.0,3
1700241070,2949.0,425.0,3713.0,800.0,3
1700241070,2951.0,426.0,3713.0,800.0,3
1700241070,2952.0,427.0,3713.0,800.0,3
1700241070,2952.0,427.0,3713.0,800.0,3
1700241070,2953.0,427.0,3713.0,800.0,3
1700241071,3295.0,711.0,3713.0,800.0,3
1700241071,3329.0,735.0,3713.0,800.0,3
1700241071,3371.0,770.0,3713.0,800.0,3
1700241071,3404.0,796.0,3713.0,800.0,3
1700241071,3429.0,817.0,3713.0,800.0,3
1700241071,3446.0,830.0,3713.0,800.0,3
1700241071,3458.0,839.0,3713.0,800.0,3
1700241071,3466.0,846.0,3713.0,800.0,3
1700241072,3469.0,851.0,3713.0,800.0,3
1700241072,3473.0,854.0,3713.0,800.0,3
1700241072,3476.0,856.0,3713.0,800.0,3
1700241072,3479.0,858.0,3713.0,800.0,3
1700241072,3472.0,858.0,3713.0,800.0,3
1700241072,3463.0,857.0,3713.0,800.0,3
1700241072,3456.0,858.0,3713.0,800.0,3
1700241072,3450.0,858.0,3713.0,800.0,3
1700241072,3445.0,858.0,3713.0,800.0,3
1700241073,3474.0,877.0,3713.0,800.0,3
1700241073,3475.0,878.0,3713.0,800.0,3
1700241073,3475.0,881.0,3713.0,800.0,3
1700241073,3475.0,883.0,3713.0,800.0,3
1700241073,3475.0,886.0,3713.0,800.0,3
1700241073,3501.0,886.0,3713.0,800.0,3
1700241075,3509.0,860.0,3558.0,848.0,3
1700241075,3508.0,861.0,3557.0,849.0,3
1700241075,3507.0,860.0,3555.0,849.0,3
1700241075,3506.0,859.0,3555.0,849.0,3
1700241075,3504.0,859.0,3555.0,849.0,3
1700241075,3501.0,860.0,3555.0,849.0,3
1700241075,3500.0,860.0,3555.0,849.0,3
1700241075,3498.0,860.0,3555.0,849.0,3
1700241075,3497.0,860.0,3555.0,849.0,3
1700241075,3496.0,860.0,3555.0,849.0,3
1700241075,3495.0,861.0,3555.0,849.0,3
1700241075,3494.0,861.0,3555.0,849.0,0
1700241075,3493.0,861.0,3554.0,849.0,3
1700241075,3493.0,861.0,3552.0,849.0,3
1700241075,3493.0,861.0,3551.0,850.0,3
1700241075,3492.0,861.0,3551.0,852.0,3
1700241075,3492.0,861.0,3551.0,853.0,3
1700241075,3492.0,861.0,3551.0,854.0,3
1700241075,3492.0,862.0,3551.0,858.0,3
1700241075,3492.0,862.0,3551.0,861.0,3
1700241075,3491.0,861.0,3551.0,861.0,3
1700241075,3491.0,861.0,3551.0,861.0,3
1700241075,3491.0,861.0,3551.0,861.0,3
1700241075,3491.0,860.0,3551.0,861.0,3
1700241076,3490.0,860.0,3551.0,861.0,0
1700241076,3490.0,860.0,3551.0,861.0,0
1700241076,3490.0,860.0,3537.0,862.0,0
1700241076,3490.0,860.0,3510.0,862.0,0
1700241076,3489.0,860.0,3471.0,862.0,0
1700241076,3489.0,860.0,3444.0,862.0,0
1700241076,3489.0,860.0,3436.0,862.0,0
1700241076,3488.0,860.0,3435.0,862.0,0
1700241076,3488.0,861.0,3434.0,862.0,0
